3017 4892
409 390 463 455 na
488 386 650 455 rausero
679 386 845 455 memo
875 391 952 454 un.
981 394 1037 457 ur.
1155 364 1239 482 557

162 542 279 623 μνηνής
297 539 465 623 Θεοδώρας
483 536 555 603 υἱόν
569 532 730 625 άποκείρει
743 541 789 615 είς
807 537 993 623 μονάζοντα,
1012 540 1101 625 ήμῶν
1121 541 1243 627 άπουρ.

162 636 324 723 γησάντων
355 639 397 725 τῷ
419 634 524 724 ἔργῳ,
547 639 620 703 καθ’
647 641 681 703 ἓν
699 640 761 704 τάν
783 638 816 703 ἑν
836 641 879 726 τῷ
901 641 1060 728 Παπυκίρ
1080 645 1241 725 σεμνείων.

163 735 239 822 περί
258 726 297 799 ad
316 732 373 799 καί
390 734 447 799 οόκ
470 734 559 819 ο“λίγα
579 736 678 801 εἰπεῖν
698 734 874 819 δυνάμενος
890 738 1015 821 βραχέα
1033 740 1245 825 μεμνήσομαι.

166 836 211 921 στί
225 832 286 919 γάρ
310 824 349 918 ήν
365 829 461 915 μόνον
480 832 617 919 είμήκης
636 834 692 900 καί
711 837 855 921 άνδρεῑος
874 834 930 900 καί
940 832 1061 920 πλήρης
1080 843 1244 923 συνέσεως,

137 936 326 1017 ὄπατριζων
348 930 405 1018 τήν
424 925 500 1015 idue
519 934 657 1017 α’κριβοῖς
679 932 736 1009 τάς
762 957 797 998 τε
814 942 927 1017 χεῖρας
947 935 1080 1015 άκμαῑος
1099 934 1155 1002 καί
1169 938 1245 1014 τεός

167 1024 273 1113 νόμους
294 1035 359 1098 κατ’
382 1034 497 1097 ἐκεῖνον
518 1026 658 1117 όπερθεν
685 1032 767 1117 ἔχων
787 1032 916 1119 εάρέας,
937 1032 1016 1099 άλλά
1040 1031 1097 1097 καί
1114 1032 1159 1111 ὥς
1178 1037 1245 1100 ἐπί-

165 1156 229 1195 παν
248 1134 392 1215 μείλιχος
413 1134 468 1196 καί
488 1124 695 1208 εόέντευκτος.
739 1131 820 1215 πρός
840 1130 864 1197 ά
885 1130 941 1198 καί
960 1130 976 1199 ό
994 1131 1149 1210 πολύτλας
1166 1130 1246 1202 Ἀν-

165 1227 309 1315 δρόνικος
340 1224 465 1295 άπιδοόν
494 1229 552 1317 τήν
580 1233 695 1297 οἰκείαν
715 1232 879 1317 θυγατέρα
899 1233 1038 1319 Είρήνην
1055 1229 1246 1319 ἐμνήστευσα

164 1330 207 1419 τῷ
233 1327 344 1416 άνόρί,
374 1328 482 1416 κρίνας
509 1328 565 1395 καί
593 1330 799 1415 παρανόμους
824 1327 946 1415 γάμους
974 1335 1183 1417 τετελεκίναι,
1215 1334 1278 1398 eit)

118 1428 271 1512 τομίλλει
296 1424 393 1511 μόνον
421 1430 566 1507 ’Λλίξιος
590 1438 657 1505 τοῖς
682 1432 903 1515 γυησιωτέροις
935 1429 1043 1520 όκείνρι
1065 1433 1247 1515 συγγενέσιν

164 1528 395 1615 ἐγγράφεσθαι,
425 1526 501 1595 ὅθεν
521 1527 673 1606 πλειόνως
700 1528 799 1619 τοάτρ
819 1523 901 1616 ήπερ
922 1536 987 1608 τοίς
1004 1528 1110 1596 sierint
1127 1533 1245 1618 προσέ.

162 1650 246 1693 «aare
268 1629 438 1714 πρότερον,
459 1630 516 1695 καί
534 1631 588 1715 τής
607 1632 772 1711 βασιλείας
795 1631 928 1713 ε’μελίτα
951 1632 1152 1713 καταλείψειν
1172 1626 1347 1711 διά-Μ

163 1729 268 1812 όοχον.
287 1726 620 1811 μεταβουλευσόμενος
649 1730 679 1793 d’
699 1722 831 1813 ὕστερον
853 1724 909 1794 τόν
930 1725 1002 1794 υἱόν
1022 1726 1168 1814 Ἰωάννην
1186 1733 1246 1797 α’ν·

163 1827 305 1909 θείλετο,
325 1823 474 1911 είρηκοός,
496 1826 576 1911 πρός
595 1822 652 1903 οίίς
682 1828 858 1894 α’νάπτυσσε
876 1825 917 1892 τά
939 1830 1003 1893 τῶν
1021 1827 1247 1911 βουλευμάτων

121 1922 346 2009 ι5άπόρρητα,
369 1923 413 2009 μή
436 1926 470 2003 ἐξ
489 1931 525 1991 Α
543 1928 590 2002 εἰς
611 1930 649 1991 A
667 1923 725 2011 τήν
753 1924 919 2007 βασιλείαν
936 1935 1142 2010 μεταπεσεῖν,
1162 1924 1246 1993 aiud

167 2023 212 2110 τῷ
232 2025 389 2103 Ιμάλλον
410 2025 598 2107 προσρίπτειν
619 2024 674 2087 καί
693 2026 739 2101 εἰς
758 2027 849 2089 τοῦτο
867 2027 988 2106 μάλλον
1004 2022 1119 2091 θεόθεν
1146 2022 1248 2091 συνά-

165 2124 290 2205 γεσθαι.
313 2114 381 2201 άμα
406 2122 440 2185 δὲ
453 2124 493 2211 τῇ
511 2121 681 2202 μεταθέσει
701 2124 756 2207 τῆς
774 2118 899 2207 γνώμης
919 2120 959 2207 ήν
978 2118 1065 2207 εἶχεν
1086 2126 1138 2190 ἐπ’
1150 2117 1249 2190 Ἀλε-

166 2222 221 2309 ξίρι
239 2216 458 2305 Ἀνδρόνικος,
492 2218 549 2285 καί
579 2224 636 2307 τής
662 2221 828 2297 συντονίας
849 2224 906 2286 red
924 2226 1056 2309 φιλτρου
1074 2218 1247 2309 άπίληξεν·

167 2322 208 2384 ου’
226 2317 285 2405 γάρ
303 2319 347 2396 τός
364 2319 517 2409 συμφυής
531 2316 576 2386 ἔτι
589 2320 857 2407 περιεσποόδαστο
870 2322 926 2387 καί
944 2318 1139 2406 όμόψυχοςά
1154 2324 1249 2390 ’Ata'-

114 2422 230 2499 σοξιος
242 2470 253 2503 ,
281 2419 348 2485 ἄλλ’
369 2416 411 2496 nie
440 2419 575 2508 φιλτάτη
599 2417 749 2505 ρθυγατρί
776 2423 931 2486 συνοικῶν
954 2422 997 2486 δι’
1019 2423 1131 2499 αἰδοῦς
1150 2422 1347 2504 sedveritus

165 2510 255 2602 ήγετο
277 2520 333 2585 καί
349 2521 452 2617 τιμῆς,
491 2518 573 2603 μετά
592 2522 630 2587 δέ
646 2540 717 2584 τινα
732 2515 844 2604 καιρόν
864 2516 920 2583 καί
938 2520 1049 2586 τοῦτον
1071 2521 1247 2599 άπεξίυωοε

164 2620 223 2683 τοῦ
243 2620 362 2705 φωτός,
379 2617 436 2703 τήν
455 2621 484 2685 δ’
507 2616 613 2686 αἰτίαν
632 2613 832 2705 προειπόντες
859 2614 983 2701 ἔχομεν.
1002 2618 1193 2706 άνακληθείς
1211 2622 1248 2685 de

234 2786 260 2839 3.
277 2774 315 2841 σά
333 2786 426 2843 είπτίν
444 2784 499 2842 σία
516 2784 558 2839 dt.
576 2784 636 2841 δαν.
654 2784 782 2855 βραχίων
800 2784 831 2837 Δ.
934 2786 959 2854 ρ.
984 2782 1114 2859 εόμήκης]
1133 2786 1248 2853 ἡλικίαν

233 2858 308 2925 ἔχων
336 2856 454 2927 ἀρίστην
477 2856 603 2915 πλάτους
623 2858 672 2908 καὶ
687 2856 819 2927 μάκρους
841 2854 870 2906 Β.
1003 2858 1029 2909 5.
1046 2858 1201 2927 uetudine
1215 2858 1249 2909 Δ.

233 2925 463 3053 ριέεσήίνΔτιευκτοτ]
482 2928 715 3000 γλυτουίντυχος
730 2926 759 2976 Β.
863 2942 903 2981 ιο.
920 2922 1030 2979 ίκείνου
1049 2926 1079 2978 Δ.
1206 2942 1245 2980 rr.

165 3134 269 3188 indicta
295 3152 376 3189 cause
406 3134 614 3208 comprehensus
638 3132 808 3187 Andronicus
835 3132 864 3185 in
890 3146 1022 3185 carcerem
1047 3129 1193 3183 coniicitur
1215 3137 1245 3186 et

163 3207 331 3277 paulopost
354 3216 519 3260 excaecatur.
563 3206 674 3258 Aleaius
699 3218 778 3267 vero,
803 3204 852 3272 qui
873 3203 899 3255 ei
914 3203 1038 3254 conscius
1056 3216 1116 3257 asae
1133 3199 1244 3254 diceba·

164 3286 225 3341 tur,
245 3276 274 3329 in
292 3278 483 3331 monasterium
502 3275 640 3349 quoddam
657 3274 767 3345 Papycii
783 3274 900 3337 montis,
917 3272 998 3325 nobis
1016 3271 1046 3323 id
1063 3271 1246 3326 ministerium

165 3348 384 3418 exequentibus,
401 3346 576 3401 abstruditur.
594 3346 629 3399 de
668 3362 703 3397 uo
722 3362 784 3396 cum
801 3344 887 3396 multa
903 3342 994 3395 dicere
1012 3358 1138 3412 possem,
1157 3358 1245 3412 pauca

165 3414 298 3471 duntaxat
317 3419 455 3487 attingam.
475 3426 608 3470 nouerat
631 3362 680 3468 itis
696 3431 824 3486 procerus
851 3413 984 3467 duntaxat
998 3421 1027 3465 et
1046 3412 1124 3465 fortis
1139 3421 1169 3465 et
1185 3430 1245 3464 cor·

165 3488 338 3553 (tutissimus,
362 3490 440 3542 vultu
462 3496 566 3559 patrem
594 3486 676 3556 plane
704 3486 837 3550 reserens,
855 3484 974 3536 robustis
991 3482 1118 3535 manibus
1136 3490 1165 3535 et
1180 3484 1245 3537 latis

165 3558 297 3622 humeris,
319 3558 368 3613 sed
385 3561 466 3612 etiarn
483 3556 693 3610 humanissimus
713 3564 742 3608 et
761 3572 869 3606 accessu
890 3555 1045 3606 facillimus.
1061 3569 1129 3623 quas
1147 3554 1244 3607 ubres

164 3646 342 3683 aerumnosus
360 3631 408 3682 ille
426 3628 595 3682 Andronicus
619 3626 702 3679 filiam
721 3626 747 3679 ei
768 3644 844 3677 suam
863 3627 961 3677 irenen
979 3624 1176 3693 desponderat,
1193 3640 1245 3677 nec

164 3699 201 3753 ab
222 3702 331 3753 incertia
343 3701 445 3771 nuptiis
464 3698 621 3760 abhorrens,
638 3697 854 3749 mododlexium
870 3696 966 3748 intima
983 3695 1168 3748 familiaritate
1188 3696 1244 3748 sibi

164 3771 349 3839 coniungeret.
367 3770 440 3823 unde
460 3770 619 3823 factumest
637 3776 669 3820 nt
685 3769 772 3836 pluris
791 3784 852 3818 eum
870 3766 973 3819 iaceret
988 3784 1069 3836 qnam
1107 3767 1192 3819 ridens
1211 3768 1244 3818 ii-

163 3841 218 3894 lios
235 3859 316 3905 suos,
334 3850 363 3895 et
389 3842 497 3911 imperii
515 3854 695 3892 successorem
718 3840 873 3907 relinquere
891 3839 921 3889 in
937 3838 1028 3890 aniano
1045 3784 1176 3889 unieret:
1193 3837 1244 3890 sed

163 3912 490 4053 tttttttttttit
508 3910 601 4033 titt
615 3908 819 4032 bituiti
833 3908 1244 4049 ttt‘ti‘r‘tttitdt

163 4054 349 4107 transiturum.
380 4070 412 4107 ea
440 4051 576 4105 sententia
594 4058 714 4114 mutata,
741 4068 795 4102 una
822 4050 904 4102 etiarn
921 4049 1044 4101 ardorem
1062 4050 1160 4101 amoris
1179 4066 1243 4118 erga

162 4118 289 4179 Alesiam
310 4124 470 4175 immutavit.
487 4138 577 4192 neque
601 4122 673 4173 enim
701 4128 734 4172 ut
758 4120 834 4191 prius
852 4120 1007 4184 amabatur,
1026 4136 1117 4190 neque
1137 4120 1243 4189 ubique

162 4194 335 4265 imperatoris
354 4194 435 4246 lateri
454 4192 628 4256 adhaerebat,
645 4190 694 4245 sed
711 4198 743 4243 ut
765 4191 919 4243 carissimae
942 4191 1016 4243 filiae
1032 4192 1162 4255 maritus,
1179 4198 1243 4242 tan·

162 4272 222 4328 uun
241 4264 345 4323 bonore
362 4262 481 4337 quodam
494 4262 772 4321 afficiebatur.rernm
788 4262 929 4334 aliquanto
945 4270 1011 4336 post
1027 4270 1056 4317 et
1070 4260 1144 4317 bunc
1159 4259 1245 4315 iumi-
