3017 4892
548 320 810 388 uuevttulutt.

114 477 321 536 Pretosebasti
349 474 449 527 classis
480 487 581 526 contra
606 471 801 527 Andronicum·
844 471 986 543 Xiphilini
1003 473 1028 525 le
1048 473 1105 534 ati,
1123 473 1219 541 stagni

113 553 200 606 ducis
220 561 250 600 et
262 546 421 599 aulicorum
431 544 625 616 stereonniam
637 542 675 595 ad
690 541 875 596 Andronicum
891 542 1006 613 defitctio
1024 489 1090 612 ὅσ).
1126 541 1220 609 Cpoli·

120 637 268 676 tanarum
287 633 376 668 retunt
401 617 477 667 mira
506 616 657 666 conversio.
683 613 883 683 protosebastus
902 615 933 664 in
949 613 1065 667 vincula
1081 613 1220 668 coniectus

122 701 313 747 excaecatur.
332 685 431 737 latini
450 701 499 736 seu
509 683 612 736 Franci
627 682 692 734 urbe
710 682 886 752 pelluntur-(1
896 682 925 752 1).
959 683 1124 736 littus-orum
1139 698 1221 751 prae-

126 764 229 831 sagia.
249 754 429 826 patriarchae
453 769 512 804 cum
528 751 687 806 Andronico
713 769 874 820 congressus
899 765 925 804 et
945 751 1221 816 collocutionum).

133 829 299 885 Andronici
317 843 377 878 cum
396 825 560 884 imperatore
572 823 668 875 Alexio
680 835 705 873 et
723 836 810 874 matre
828 823 886 873 eius
901 839 1068 892 congressus.
1086 821 1223 873 mendicus

130 906 168 955 iss
191 896 346 952 Andronici
367 895 486 962 gratiam
505 893 609 963 aplcbe
629 893 710 944 uiuus
723 896 855 944 esuritur.
876 890 1058 944 adblanuelis
1070 894 1221 962 sepulcrum

136 968 321 1026 Andronicus
365 981 401 1014 ua
419 963 519 1032 fronte
542 975 567 1013 et
584 979 651 1014 uoce
681 965 825 1014 accesserit
844 961 909 1030 (13).
944 964 999 1014 Suo
1015 962 1153 1013 arbitratu
1169 977 1225 1013 rem

134 1041 277 1112 publicam
290 1044 313 1088 A
353 1034 466 1086 runicus
482 1031 665 1085 administrat.
677 1033 707 1082 in
715 1032 820 1084 nobiles
830 1047 950 1103 quosque
961 1045 1115 1099 grassatur,
1124 1031 1226 1084 lohan-

138 1127 202 1164 nem
220 1107 442 1160 Cantacuscnum
464 1114 600 1155 excaecat.
614 1104 737 1156 Mariam
757 1102 942 1154 Caesarium
962 1103 1072 1173 eiusque
1097 1104 1227 1152 maritum

139 1195 254 1232 venena
273 1175 350 1228 tollit
372 1174 437 1242 (14).
484 1173 577 1226 Alexii
602 1184 629 1224 et
646 1173 739 1224 irenes
758 1171 912 1224 Andronici
938 1170 1082 1223 nothorum
1109 1172 1228 1224 incestae

142 1248 269 1318 nptias.
316 1241 484 1296 modoetia
507 1239 701 1312 patriarchdtu
725 1239 813 1303 cedit,
832 1255 858 1295 et
875 1258 1055 1297 successorem
1072 1241 1151 1293 habet
1172 1242 1227 1290 tto-

142 1321 241 1370 ss'liunt
264 1315 435 1366 Camaterurn
453 1315 518 1376 (15).
562 1312 695 1378 soltanus
711 1311 802 1364 Iconii
819 1314 850 1363 in
871 1313 982 1365 Oriente
998 1323 1150 1380 grassatur.
1168 1327 1229 1360 ma·

144 1403 218 1459 gnus
239 1384 404 1437 domesticus
429 1381 567 1434 lohannes
593 1382 741 1433 Comneuus
768 1400 846 1433 arma
865 1396 955 1434 movet
974 1383 1006 1433 in
1023 1379 1227 1439 Andronicum,

147 1457 229 1510 enias
256 1455 406 1506 exercitum
427 1449 529 1524 fundit
557 1462 582 1502 et
594 1451 689 1523 fitgat.
725 1449 848 1504 Iohanne
865 1466 972 1506 mortuo
991 1448 1107 1504 eiusdem
1117 1451 1181 1522 filii
1198 1449 1231 1500 in

148 1523 306 1581 Andronici
330 1539 426 1576 statutt
449 1519 577 1574 incidunt
604 1533 631 1572 et
656 1533 846 1574 excaecantur.
880 1525 994 1574 Aleaius
1021 1539 1091 1592 puer
1109 1537 1229 1573 corona-

150 1612 198 1650 ua·
215 1595 282 1664 (16).
322 1590 500 1645 Andronicus
526 1591 698 1660 imperatrici
725 1591 808 1642 struit
831 1592 957 1647 insidias.
987 1593 1018 1644 in
1042 1588 1229 1643 Andronicum

148 1663 311 1719 coniuratio
320 1661 407 1730 sacta
423 1659 530 1714 detecta
547 1673 574 1711 et
589 1662 784 1714 excaecatione
800 1662 917 1715 nausea
945 1661 1129 1733 imperatricis
1148 1661 1229 1711 mise·

148 1736 250 1790 rabilis
266 1733 398 1785 interitus
412 1729 478 1800 (17).
517 1729 750 1783 Consiliariorusn
764 1743 789 1781 et
809 1732 962 1785 aulicorum
980 1732 1098 1802 ignavia
1115 1748 1231 1782 susana-

151 1821 203 1874 que
224 1801 401 1872 improbitate
418 1798 594 1854 Andronicus
614 1802 761 1868 imperator
775 1798 937 1869 deriguntur
951 1803 1110 1863 salutatur,
1127 1813 1153 1851 es
1170 1799 1234 1850 Ale·

151 1877 198 1926 aio
222 1891 329 1944 puero,
348 1871 489 1924 ttanaau
506 1869 595 1938 filio,
637 1869 794 1940 raefertur,
812 1873 862 1942 qui
881 1873 966 1942 paulo
1021 1870 1101 1923 stab
1124 1866 1232 1921 Andro-

153 1947 215 1999 nico
234 1961 293 1997 non
318 1953 425 1994 tantum
443 1939 557 2010 imperio
578 1955 605 1990 se
642 1952 667 1991 et
684 1942 746 1994 uita
764 1940 913 1993 crudeliter
932 1891 1070 2010 spob'iitur
1087 1937 1151 2006 (18)

349 2111 417 2174 DE
446 2109 752 2172 ANDRONICO
784 2107 1039 2171 COMNENO.

224 2279 280 2329 Lu.
302 2277 323 2327 1.
360 2276 453 2330 Alexii
471 2275 594 2348 elogium.
607 2276 671 2330 huic
688 2274 809 2330 succedit
820 2274 995 2330 Andronicus
1007 2276 1168 2342 comnenus,
1186 2279 1237 2349 qui

157 2353 211 2403 tea
228 2358 379 2419 povectae
409 2346 510 2398 aetatis
534 2347 639 2399 sobrini
665 2364 791 2418 sponsam
816 2345 1046 2400 adolescentulam
1062 2348 1183 2402 nondum
1200 2347 1238 2399 hl

157 2437 248 2473 assuas
277 2429 372 2470 natam
390 2432 501 2470 usos-ern
521 2415 604 2470 ducit
628 2415 773 2488 pontifices
797 2415 956 2470 adulatores
974 2416 1080 2470 deludit
1095 2432 1122 2472 et
1141 2420 1238 2472 merito

157 2485 402 2628 ’11
425 2485 628 2610 11..
637 2487 887 2609 11111111.
898 2486 1241 2628 eeucuu‘tu:

159 2631 235 2680 satis
257 2629 332 2680 curis
351 2623 526 2680 Andronicus
543 2624 582 2678 ad
596 2626 727 2680 Nicaeam
752 2625 927 2679 obsidendam
942 2627 1139 2699 proficiscitur.
1157 2645 1242 2699 oppu-

161 2699 309 2769 gnationis
325 2696 406 2748 varii
421 2707 534 2748 eventus
555 2695 601 2765 (2).
639 2695 778 2748 Tlseociori
789 2697 975 2751 Cantacueeni
992 2701 1129 2753 interitus.
1149 2699 1243 2751 lsaaci

163 2767 265 2836 Angeli
284 2766 431 2836 segnities,
458 2766 571 2818 Nicolai
587 2765 729 2836 pontificis
747 2769 910 2839 pavorjuit
925 2771 1036 2823 occasio
1053 2771 1174 2823 Nicaeae
1192 2766 1242 2820 de-

164 2835 277 2889 dendae.
307 2838 339 2888 in
367 2834 519 2908 oppidanos
548 2837 638 2888 saeuit
654 2835 846 2899 Andronicus,
866 2851 891 2891 et
910 2840 1049 2893 isaacium
1068 2840 1181 2894 comiter
1197 2855 1245 2890 es·

167 2908 235 2976 cipit
254 2908 303 2970 (3).
338 2907 440 2959 Prusae
461 2903 613 2970 excidium,
635 2918 660 2958 et
680 2908 710 2957 iu
731 2907 897 2960 Prusnenses
915 2907 1069 2963 Andronici
1085 2907 1244 2962 crudelitas.

165 2977 266 3046 Angeli
285 2974 423 3032 theodori
439 2979 614 3037 excaecatio,
634 2976 769 3030 nobilium
793 2978 939 3032 multorum
956 2979 1101 3051 supplicia.
1136 2977 1245 3032 Andro-

169 3047 228 3100 nics‘
245 3049 276 3099 in
302 3045 410 3098 theatro
434 3048 586 3115 periculum
605 3045 652 3114 (4).
687 3048 813 3100 isaacius
832 3049 982 3102 Comnenus
1001 3051 1117 3121 Cyprum
1129 3057 1247 3116 occupat

167 3130 192 3170 et
212 3118 245 3169 in
271 3133 306 3167 ea
325 3127 474 3184 mannum
500 3117 578 3185 agit5
604 3113 677 3168 unde
699 3115 860 3170 Andronico
878 3133 963 3172 metus
980 3119 1028 3190 (5).
1062 3115 1247 3172 Macroducas

170 3186 369 3238 Constantinus
381 3185 509 3239 etDucas
525 3183 709 3248 Andronicus,
727 3186 882 3242 Andronici
890 3189 1052 3259 familiares
1070 3201 1096 3240 et
1113 3186 1248 3239 consilia-

169 3257 227 3316 rii,
248 3249 322 3308 asird
357 3253 457 3308 undant
475 3256 585 3309 ratione
605 3257 700 3308 ultimo
728 3257 892 3328 afficiuntur
910 3258 1054 3329 surrento.
1071 3257 1166 3327 populi
1182 3253 1250 3327 affl·

171 3338 228 3378 ctus
245 3325 295 3378 suh
319 3326 325 3338 '
349 3342 366 3376 a
392 3323 559 3394 tyrannide,
584 3327 630 3379 cui
647 3323 827 3381 Andronicus
852 3329 941 3395 legum
959 3327 1152 3380 auctoritatem
1167 3341 1251 3397 prae·

169 3396 253 3460 teas't,·
271 3407 298 3447 et
311 3395 399 3466 paulo
414 3407 477 3465 post
491 3395 666 3450 Sebastianus
674 3397 785 3467 fratres
797 3399 897 3469 nqueo
918 3395 1033 3467 suffiscus
1050 3395 1099 3467 (6)
1135 3391 1248 3450 Aleaitts

174 3466 344 3526 comnenus,
367 3464 506 3518 Manuelis
532 3481 565 3518 ea
584 3465 682 3538 fratre
711 3483 810 3537 nepos,
835 3468 948 3520 Siciliae
973 3485 1061 3537 regem
1079 3471 1109 3520 in
1127 3469 1249 3521 Graecos

173 3534 300 3587 concitat.
319 3533 504 3600 Dyrrachium
521 3548 546 3586 et
568 3536 785 3590 Thessalonicam
802 3536 891 3590 Siculi
911 3550 1053 3609 occupant.
1072 3538 1251 3592 thessaloni-

173 3605 290 3657 censium
307 3604 375 3657 urbe
384 3602 479 3657 dedita
495 3605 618 3658 miseriae
635 3605 685 3675 (7).
720 3608 875 3660 Siculorum
894 3610 1080 3679 grassationes
1096 3605 1251 3660 horrendae

171 3676 204 3730 its
222 3673 498 3737 Thessalonicenses,
526 3677 575 3746 qui
600 3674 673 3728 domi
690 3693 718 3728 se
745 3678 923 3747 continebant
939 3680 988 3748 (8).
1022 3676 1181 3732 Eorursdem
1201 3679 1252 3730 im·

172 3746 293 3798 manitas
318 3745 349 3797 in
372 3746 506 3806 miseras,
531 3747 581 3816 qui
603 3745 715 3800 aedibus
739 3748 845 3803 relictis
866 3755 916 3820 pe'r
932 3753 1013 3802 uicos
1027 3749 1208 3820 vagabantur
1225 3758 1252 3802 et

172 3816 203 3868 in
218 3815 320 3884 plateis
343 3813 532 3869 considebant.
561 3816 710 3870 insolentia
729 3819 760 3869 in
778 3823 889 3888 eosqui
906 3821 1051 3888 religionis
1069 3836 1134 3888 crgo
1152 3833 1254 3871 conve·

173 3885 285 3937 niebant
315 3885 346 3936 in
367 3885 485 3956 templis.
529 3885 691 3939 Eustachius
711 3886 920 3942 Thessalonicae
938 3891 1079 3959 episcopus
1098 3905 1150 3940 sua
1167 3890 1254 3940 inter*

172 3956 295 4008 sessione
322 3957 394 4007 cives
423 3953 550 4008 sublevat
570 3957 619 4022 (9).
661 3955 816 4010 Andronici
833 3959 1025 4012 crudelitasin
1043 3961 1147 4010 lrenem
1162 3957 1255 4027 filiam

173 4023 299 4084 notitam,
320 4023 490 4097 eiusdemque
510 4027 653 4078 maritum:
675 4041 863 4096 corruptorum
886 4028 1007 4083 iudicum
1028 4030 1079 4100 qui
1097 4027 1255 4097 coniugium
1321 4021 1328 4031 “

172 4093 249 4150 istud
255 4093 445 4164 probaverant
458 4095 613 4148 insectatio.
627 4097 861 4151 Masualusscriha
872 4098 1058 4152 crudelissimo
1069 4100 1143 4168 ignis
1152 4098 1258 4167 suppli·

173 4165 218 4216 cio
234 4163 352 4233 affictus
362 4165 427 4233 (ιο).
462 4165 612 4234 Disypatus
623 4167 767 4234 Georgius,
786 4170 880 4231 magni
890 4170 983 4239 templi
993 4172 1089 4229 lector,
1107 4169 1259 4222 coniicitur

174 4235 206 4288 in
227 4235 351 4290 vincula.
392 4235 419 4288 T
416 4234 558 4305 ripsychus
579 4235 773 4291 Constantinus
784 4238 1008 4310 diligentissimus
1023 4236 1182 4311 tyrannidis
1201 4239 1258 4292 An·
