3017 4892
242 374 298 439 nc
324 370 473 439 marm
502 370 651 437 isaaco
678 372 828 439 aucam
854 374 919 439 m.
947 375 1022 441 cm.
1050 380 1076 440 1.
1134 346 1215 430 601

135 528 291 609 τέμενος,
312 520 558 606 ἀναγορεύουσιν
573 521 801 607 αύτοκρύτορα,
820 515 1059 607 ύστροθεύμονα
1073 514 1149 591 ὄντα
1169 524 1224 589 καὶ

146 628 247 691 πύλαι
269 624 309 708 τῇ
330 622 476 707 βασιλείᾳ
511 619 729 706 ἐνεδρεύοντα,
751 622 857 685 ου’κέει
876 624 1015 704 λέγοντες
1033 626 1138 687 θέλειν
1158 617 1221 687 ύπδ

146 722 323 804 Κομνηνύν
345 720 569 800 βασιλεύεσθαι
601 723 808 805 γεγενημένων
837 720 944 795 σύτοῖς
964 722 1009 795 εἰς
1030 719 1252 805 πλησμονήν.(λ

80 876 84 885 .
147 823 203 905 της
223 822 258 883 δὲ
283 821 467 901 βασιλίσσης
496 817 706 905 Εύφροσύνης
737 816 938 895 ἐπικινδύνως
967 813 1067 894 ούτοις
1087 818 1121 884 τύ
1142 822 1318 903 μέγαλαςι

119 918 297 983 ὅπαλύτιον
319 918 497 1000 εἰσιούσης,
525 914 600 981 ἔνιοι
623 920 686 981 τῶν
706 912 760 982 υἷτί
781 914 921 1002 εύσὴμου
942 922 1049 1002 γένους
1069 914 1224 1003 ἐφεπόμε-

146 1038 196 1081 νοι
218 1018 317 1103 ἐκείνη
345 1014 426 1081 κατὰ
451 1022 507 1082 τοῦ
533 1014 794 1102 Κοντοστεφύκου
821 1012 975 1101 ύρμησαν
999 1014 1226 1102 τολμηρότερον

145 1117 265 1197 μᾶλλον
291 1108 553 1199 ἢσυνετύτρρον,
583 1114 638 1179 καί
667 1112 701 1179 τύ
719 1117 874 1198 χυδαΐζον
899 1124 1012 1202 στῖφος
1030 1119 1087 1200 τῆς
1106 1114 1227 1189 πόλεως

147 1212 261 1279 αύτίκα
286 1211 563 1295 διασκεδάννυται,
593 1214 647 1278 καί
679 1213 696 1278 δ
734 1218 998 1301 Κοντοστέφανος
1032 1215 1227 1299 συλληφθεὶς

148 1314 276 1399 φρουρᾷ
295 1314 519 1397 παραδίδοται.
572 1317 620 1400 (a)
642 1316 698 1379 τοῦ
728 1315 764 1377 δὲ
784 1310 949 1397 δημιύδους
969 1310 1111 1397 πλήθους
1131 1307 1229 1387 ούτιος

104 1407 356 1496 ιοῆρεμηκύτος,
387 1408 442 1475 καί
471 1410 550 1477 αύτὸ
569 1414 734 1489 συναπτύς
760 1408 794 1476 τύ
815 1414 870 1496 τῆς
890 1413 1052 1497 ἐκκλησίας
1071 1409 1229 1495 πλήρωμα

147 1512 187 1596 τῇ
206 1512 260 1598 alp
290 1513 453 1593 τυραννίδι
479 1512 666 1593 συμβαίνει,
699 1514 757 1575 καί
772 1534 822 1584 τις
847 1513 909 1575 τῶν
930 1508 1092 1593 νεωκόρον
1112 1508 1228 1594 ύλίγοις

147 1608 495 1695 ύποφθαρείςκέρμασι
517 1614 624 1697 (τούτο
646 1613 752 1675 δὲκαὶ
769 1613 833 1675 τῶν
851 1612 1010 1694 α’γοραίιυν
1029 1609 1228 1694 οδτιιραχιύ·

148 1708 214 1783 δας
240 1707 417 1774 πεπόνθασι
446 1714 502 1773 καί
528 1714 660 1795 βραχεῖς
691 1713 753 1775 τοῖν
773 1712 809 1774 ἐκ
827 1712 885 1774 τού
905 1712 1085 1774 δικαστικοῦ
1107 1707 1228 1793 τάγμα-

149 1828 222 1881 τος·
265 1806 305 1869 τὰ
327 1807 362 1870 δὲ
386 1806 527 1887 ὄνύμαεα
548 1811 719 1895 προφέρειν
733 1812 780 1889 Ιου’
799 1808 955 1895 δύναμαι)
977 1812 1112 1883 aiaraci
1134 1810 1229 1873 Ἀλε-

105 1901 218 1979 ιδξίου
238 1902 397 1988 εύφημίας
421 1904 613 1986 κατάρχεται
646 1908 691 1981 εἰς
711 1905 765 1971 τὸν
784 1904 871 1990 ἱερὸν
889 1904 1094 1988 ἀνύσταθμον
1113 1906 1260 1987 darom)

148 1997 194 2082 μὴ
215 2000 384 2079 α’ναμείνας
403 2002 438 2064 έκ
465 2004 522 2064 τοῦ
541 1997 766 2085 ἀρχιποίμενος
796 2006 833 2069 τύ
863 2004 1034 2085 ἐνδόσιμον.
1076 2001 1157 2067 α’λλύ
1176 2005 1231 2068 κατ’

149 2089 240 2173 οὗτος
261 2093 375 2182 μικρόν
392 2122 423 2164 τι
447 2098 579 2181 ε’νστάς,
600 2106 655 2165 καί
675 2097 749 2168 ύσον
770 2102 826 2168 τύν
845 2101 890 2185 μη
916 2102 1109 2184 αύτόκλητον
1128 2102 1230 2183 ύπεμ-

149 2198 269 2283 φῆναι,
290 2195 344 2282 ripa
362 2197 487 2283 γνώμην
507 2202 552 2276 είς
579 2198 635 2264 τύν
656 2193 790 2286 ἔρξαντα
810 2204 974 2285 μετέθηκε.
1017 2199 1072 2264 καί
1094 2204 1153 2265 τοῦ
1170 2227 1256 2290 παι(

149 2295 305 2381 τριύρχου
331 2300 444 2362 τοίνυί
460 2296 744 2381 ύποχαυνιοθέντος
774 2299 878 2376 ούδείς
906 2294 947 2385 ἦν
967 2302 1003 2364 έκ
1022 2296 1133 2364 τούτου
1153 2324 1231 2383 γνφ

101 2398 320 2477 αυσιμαχῶν,
342 2393 422 2461 ulit
446 2394 559 2474 πάντες
576 2395 611 2463 τύ
629 2402 775 2481 μέγιστον
793 2390 923 2484 ἀρχεῖον
944 2395 1232 2481 καταλαμβάνοντες

150 2490 344 2577 ηύτομύλουν
371 2496 506 2579 ύτεχνύς
536 2500 574 2583 τῇ
609 2498 750 2579 βασιλίδι
778 2498 822 2574 ὥς
853 2494 1054 2581 α’νδρύτιοδα,
1084 2503 1140 2564 κατ’
1158 2497 1233 2583 πρίν

150 2590 277 2659 ἰδέσθαι
295 2591 348 2659 τὸν
367 2594 604 2681 τυραννήσαντα
625 2592 647 2681 ἢ
666 2598 783 2683 γναῖναι
808 2599 946 2685 α’κριβῶς
966 2595 1062 2663 ύαοῖα
1081 2596 1122 2664 τύ
1143 2602 1234 2678 ξυνε-

219 2770 245 2806 a.
261 2752 398 2828 βασιλείᾳ]
420 2754 494 2830 taxi
511 2757 541 2811 A.
562 2754 614 2821 τήν
629 2759 775 2827 βασιλείαν
795 2757 828 2812 ἔκ
845 2758 955 2812 πολλοί
972 2756 1187 2829 praeciperer
1204 2759 1232 2809 Β.

220 2832 245 2895 4.
263 2826 406 2893 βασιλίδος
423 2828 451 2907 Α,Ι
539 2830 562 2882 5.
581 2829 725 2897 ελσιούοης
742 2831 790 2881 καί
807 2831 865 2880 τῶν
882 2858 919 2870 -
935 2830 1038 2899 γένους
1054 2828 1181 2894 ἐκείνηί
1206 2842 1234 2881 e·

219 2898 354 2965 τιομένιιν
378 2914 448 2949 κατα
474 2900 526 2951 τοῦ
548 2913 676 2955 κοντοοτ.
702 2899 922 2970 ἐξορμηοιίντων
949 2927 985 2941 -
1016 2912 1109 2951 συνετ.
1152 2914 1167 2951 τ
1202 2911 1233 2951 τε

220 2966 284 3035 χυδ.
304 2981 346 3020 ur.
363 2972 411 3032 τῆς
427 2984 457 3021 π.
475 2968 567 3021 διασκ.
587 2971 617 3020 Α.
724 2972 765 3025 ιδ.
782 2972 823 3028 εἰς
849 2966 900 3024 νύν
918 2964 1036 3039 δμβιονα
1053 2969 1083 3019 Β.
1189 2983 1233 3024 ao.

220 3036 420 3100 δπαξοίπαντες
434 3036 465 3093 τδ
483 3042 560 3111 μέγα
577 3042 608 3091 Δ.

153 3197 239 3245 tortam
254 3189 391 3245 hominum
405 3192 539 3262 quendam
550 3192 840 3261 astrologumttexium
851 3190 1106 3261 Contoateplranum‚
1119 3191 1231 3260 imperio
1322 3212 1335 3239 ι

152 3262 204 3313 iam
222 3262 285 3313 olim
303 3262 482 3326 insidiantem,
499 3262 529 3315 in
548 3265 606 3315 iuro
624 3264 812 3332 imperatorem
829 3261 997 3315 consalutat:
1014 3260 1149 3329 negabant
1161 3262 1232 3314 enirn

151 3348 181 3383 ae
202 3332 395 3387 Comnenoram
419 3332 521 3385 laturae
537 3332 638 3384 diutius
664 3334 823 3401 imperium,
842 3350 954 3403 quorum
972 3340 1127 3401 pertaeaum
1152 3342 1231 3395 earet.

150 3402 317 3469 imperatrice
334 3419 398 3455 vero
424 3404 462 3455 ita
478 3420 538 3455 cum
556 3402 677 3473 periculo
703 3420 827 3471 magnum
845 3402 976 3472 palatium
994 3403 1131 3470 ingressa,
1150 3404 1229 3454 comi·

151 3481 225 3525 tatus
242 3473 375 3524 nobilium
402 3472 540 3525 hominum
559 3472 686 3524 audaciua
705 3490 786 3542 quam
803 3471 963 3541 prudentius
986 3472 1015 3524 in
1034 3472 1232 3543 Contoatepha·
1331 3503 1335 3511 =

152 3560 218 3594 num
237 3543 307 3595 lacte
332 3544 434 3612 impetu
464 3544 609 3595 factionem
635 3544 711 3595 illam
735 3543 866 3611 dissipat,
888 3550 916 3593 et
938 3542 1183 3613 Contortephanum
1201 3546 1231 3597 in

153 3628 287 3671 carcerem
306 3615 421 3665 coniicit.
457 3614 496 3685 (a)
517 3616 554 3665 Eo
573 3615 668 3684 populi
684 3622 758 3667 motu
775 3629 941 3683 compresso,
959 3614 1040 3665 etiam
1058 3614 1233 3667 eccleciaatici

153 3699 255 3736 norum
278 3684 464 3752 imperatorem
487 3684 655 3753 approbaut3
681 3694 709 3737 et
733 3683 845 3754 qnidam
865 3683 1029 3736 aacrificulua
1046 3686 1138 3754 paucis
1154 3704 1234 3737 nuna-

152 3755 203 3807 mie
222 3762 370 3822 corruptus,
381 3754 486 3823 (eodem
497 3755 576 3808 modo
594 3764 622 3808 et
639 3772 700 3807 cum
716 3754 850 3808 seditiosis
865 3755 1080 3807 circumforaneia
1098 3764 1127 3807 et
1141 3758 1234 3826 paucio

154 3842 189 3877 ex
207 3824 302 3876 ordine
314 3823 440 3889 iudicum,
452 3843 565 3895 querum
576 3828 731 3879 nominibus
741 3844 830 3895 parco,
841 3827 940 3897 actum)
954 3834 1077 3895 auggeeto
1087 3842 1233 3879 comcenro

152 3895 240 3948 alexii
258 3894 492 3963 proclamationem
510 3896 627 3961 orditur,
650 3899 708 3950 aine
725 3896 893 3967 patriarchae
913 3913 1057 3962 εοαιιαιας
1077 3898 1127 3967 qui
1143 3907 1234 3949 tamen

152 3965 291 4035 paulisper
309 3967 464 4035 refragatur,
476 3984 511 4019 ne
524 3986 572 4021 aua
586 3968 725 4021 voluntate
744 3976 851 4019 coactae
868 3966 1012 4031 rideretur,
1023 3976 1052 4019 et
1067 3969 1127 4037 ipae
1143 3969 1172 4019 in
1184 3969 1235 4021 im-

151 4036 283 4107 peratoria
295 4045 384 4106 parter
402 4040 540 4091 concessit
551 4056 604 4109 quo
623 4039 694 4092 lacto
712 4056 791 4091 nemo
810 4038 923 4108 ampliua
941 4047 983 4091 eat
1000 4038 1167 4101 adversatae,
1185 4036 1235 4090 real

152 4106 271 4161 universi
299 4108 327 4160 in
353 4125 476 4177 magnum
501 4110 631 4179 palatium
660 4118 789 4180 tanquam
813 4110 945 4179 mancipia
960 4110 1185 4179 tranaiugerunt3
1206 4118 1236 4161 et

153 4180 309 4250 priusquam
333 4196 431 4231 novum
457 4182 644 4251 imperatorem
671 4181 814 4245 riderent,
838 4189 884 4233 aut
905 4180 972 4249 qaid
990 4181 1078 4234 νειετί
1092 4178 1236 4232 accidisset

155 4260 320 4323 compertum
336 4248 482 4317 haberent,
503 4253 560 4307 eius
574 4252 651 4307 uxori
674 4252 722 4325 qui
740 4269 829 4307 rerum
847 4251 931 4326 potiri
949 4251 1090 4307 terebatur
1104 4247 1235 4303 obedire·
1319 4290 1323 4297 .
