3017 4892
239 345 325 448 438
556 367 729 436 ulcerari
762 363 996 435 cucumam
1085 423 1089 430 .
1125 373 1130 381 ·

238 519 489 608 ἔχοντας’ῥπόσα
509 523 572 606 χρὴ
596 520 674 587 κατὰ
685 517 851 604 Ῥωμαίων
871 525 979 586 ποιεῖν.
1022 516 1136 600 πάντες
1156 515 1216 604 γὰρ
1232 509 1322 584 οὗτοι

238 625 447 705 συσχεθέντες
468 621 523 685 καί
529 644 532 649 ’
545 619 620 696 τούς
650 619 840 707 ὄφθολμοιλς
869 623 1092 704 ἔξορυχθὲνιες
1122 621 1322 702 ἀμεταθέτως

237 719 425 805 ἔχουσι-τῆς
447 719 630 800 κακονοίας,
653 718 709 784 καί
729 717 835 795 οὐθείς
855 721 922 785 ἐστι
940 721 1000 784 aad
1027 719 1138 785 λοιποῦ
1164 713 1280 803 τρόπος
1302 716 1321 779 ὅ

238 819 446 905 σωφρονίσων
465 816 600 900 ου’τούς,
620 817 703 902 μόνη
724 820 759 884 δὲ
782 815 802 901 ἦ
824 822 882 885 τοῦ
906 820 964 903 ζῆν
984 817 1190 884 desistimus
1209 821 1321 902 στέρη-

238 942 305 999 σις,
327 914 368 1002 ἢν
386 914 430 992 ῶς
450 922 636 993 τελευταίαν
657 916 713 982 καί
731 920 887 1002 σώτειραν
908 911 1049 1001 ῶγιιυραν
1069 919 1123 982 δεῖ
1137 916 1222 1000 ἡμᾶς
1252 917 1350 991 ἔπι-5

236 1019 342 1098 χαλᾶν
362 1025 426 1092 τοῖς
445 1013 655 1102 κακόφροσιν,
676 1019 710 1083 ot
725 1014 876 1084 τοσοῦτόν
889 1020 952 1083 εἰσι
972 1021 1198 1103 φρενοβλαβεῖς
1218 1017 1323 1080 τεκαὶ

208 1116 450 1202 (Σοίποτρὸπαιοι
471 1117 515 1191 ῶς
537 1115 617 1199 πρὸς
637 1119 752 1202 κε’ντρα
774 1117 931 1194 λακτίζειν
949 1115 1005 1182 καί
1019 1115 1064 1200 μὴ
1086 1117 1228 1180 συνιέναι
1241 1108 1322 1188 ὅλως

237 1213 281 1289 ῶς
302 1218 374 1278 καθ’
396 1212 518 1280 ἑαυτῶν
540 1213 570 1280 οἱ
589 1213 783 1301 λασιόκοοφοι
804 1220 860 1300 τὴν
878 1217 924 1297 μα’
924 1239 1045 1300 χαιραν
1063 1211 1247 1298 θῆγοοσιν.”
1266 1209 1325 1277 avla

236 1339 283 1378 τω
302 1317 361 1395 μὲν
384 1306 443 1382 οὖν
464 1314 521 1380 καί
540 1319 683 1397 τοιαῦτα,
705 1313 750 1390 ῶς
770 1317 804 1380 ἐκ
824 1319 946 1380 πολλῶν
965 1315 1056 1398 ὀλίγα
1076 1315 1184 1395 εἰπεῖν,
1205 1312 1323 1400 διεξῄει

236 1411 274 1478 ad
294 1406 437 1495 ἄθεσμον
459 1415 559 1478 ἐκεῖνο
582 1418 765 1496 θέσπισμα,
791 1417 904 1500 ἐφεξῆς
926 1410 992 1480 d’d
1020 1416 1082 1479 τῶν
1102 1417 1321 1499 σνλληφθνγσο-
1334 1439 1376 1493 ιο

234 1511 420 1594 μίνιοντκοιί
438 1516 673 1597 τεθνηξομένων
701 1509 741 1596 ἢν
762 1512 939 1598 κατάλογος.
979 1513 1174 1598 ὕπεδνγλοῦτο
1200 1514 1237 1578 δὲ
1268 1515 1325 1582 κατ’

236 1609 390 1699 ὁτρίπος
408 1617 485 1677 καθ’
515 1610 552 1677 ‘dv
578 1610 793 1696 ἆποθνήσκειν
820 1617 942 1680 ἕκαστοι
968 1605 1111 1698 ἤμελλον.
1154 1605 1230 1695 ίγῶΧ
1243 1613 1323 1697 γοῦν

134 1722 161 1782 t'.
174 1720 227 1794 ἰγθ
235 1711 291 1776 καί
310 1711 370 1787 τὰς
390 1705 490 1788 ιῖλλας
507 1715 567 1794 μὲν
589 1715 653 1778 τῶν
667 1717 792 1796 α’νιλρῶν
812 1717 948 1778 τουτωνί
967 1710 1092 1798 πράξεις
1118 1711 1172 1778 ded
1193 1714 1321 1793 θαύμα-

234 1835 286 1887 τος
299 1813 429 1894 τιθεμαι
449 1811 506 1877 καί
526 1815 652 1888 α’νοσιας
669 1811 870 1878 παντάπασιν
889 1810 1019 1897 ἥγημαι,
1041 1811 1099 1898 τῆν
1112 1815 1148 1878 δὲ
1162 1815 1220 1877 νῶν
1236 1813 1322 1897 dpu-

232 1913 387 1999 γουμίννγν
403 1911 566 1999 οἷιιόφασιν
583 1912 639 1977 καί
659 1900 730 1977 λίαν
750 1912 1061 1998 ὑπερεκπὲπληγμαι,
1083 1914 1138 1976 καί
1162 1909 1321 2000 θαυμάζω
1334 1919 1375 1982 ι5

233 2009 312 2097 πρὸς
327 2014 362 2076 τί
378 2011 680 2098 περατωθησόμενον
699 2014 817 2097 ταύτην
833 2012 1007 2096 ἐκύρωσαν,
1029 2007 1051 2096 ἢ
1071 2015 1138 2088 πῶς
1157 2015 1231 2082 ποτὲ
1254 2013 1323 2096 κρί-

232 2133 337 2186 νοντες
356 2108 413 2195 τὴν
433 2110 553 2177 ἑαυτῶν
580 2111 767 2198 μιαιφονίαν
791 2113 971 2196 προσῆπτον
999 2115 1083 2198 θεῷ,
1118 2115 1173 2175 καί
1202 2109 1323 2197 κίνησιν

232 2209 348 2276 θεόθεν
364 2203 624 2296 ἆνερυθριάστως
645 2209 810 2293 ὠνόμαζον
831 2209 871 2294 ἢν
894 2211 911 2274 ὅ
934 2211 1077 2295 ἀρχῆθεν
1099 2203 1323 2297 ῶνθρωποκτό·

199 2323 288 2383 υνυς
306 2312 421 2390 σκέψιν
450 2309 557 2386 ου’τοῖς
578 2308 782 2396 ὑφηγήσατο,
815 2310 885 2388 ἐξὸν
914 2306 1029 2393 ἑτέρως
1047 2309 1320 2396 ’προοιμιάζεσθαι

234 2409 291 2471 καί
309 2407 355 2490 μὴ
376 2409 514 2484 ἀναιδῶς
534 2406 617 2474 odron
639 2407 695 2474 καί
714 2409 981 2494 α’περιθαμβὴτως
1002 2412 1217 2495 φθέγγεσθαι,
1239 2412 1374 2495 μηίὲκο

234 2508 338 2593 γυμνῇ
357 2506 396 2592 τῇ
416 2511 540 2593 κεφαλῇ
558 2506 593 2572 ad
616 2513 705 2573 θεῖον
724 2515 929 2594 συκοφαντεῖν
950 2509 994 2585 ῶς
1003 2519 1120 2594 χαῖρον
1141 2505 1321 2591 cinnami

235 2601 368 2692 πρῶτος
389 2605 433 2680 είς
454 2605 489 2670 ad
510 2599 593 2671 εἶναι
614 2607 669 2672 τόν
693 2600 862 2692 ἄνθρωπον
882 2605 984 2676 ἔκτισε
1003 2609 1049 2693 μὴ
1072 2609 1241 2692 πεποιηκὸς
1260 2607 1320 2674 θῶ·

308 2792 329 2827 ι.
347 2771 463 2846 πάντες]
482 2775 512 2826 αλ
526 2776 581 2846 μὲν
594 2763 650 2844 γῶρ
671 2777 780 2831 τούτων
796 2789 878 2844 συσχ.
897 2777 925 2830 ol
940 2777 970 2831 ot
988 2780 1036 2831 roi
1050 2782 1079 2830 ll.
1133 2779 1157 2830 3.
1175 2777 1223 2842 τῆς
1236 2793 1318 2830 κακο-Ι

304 2842 397 2917 νοίας]
414 2846 563 2900 scindite
586 2850 633 2911 τῆς
650 2849 790 2916 προτέρας
805 2849 969 2914 προθέσεως
989 2851 1018 2902 Δ.
1080 2851 1103 2917 4.
1121 2847 1235 2920 αὐτούς]
1255 2847 1319 2905 τοὺς

304 2913 549 3048 :pruriodpnrpopd
653 2921 676 2973 5.
696 2918 751 2989 det]
776 2916 869 2989 χρεῶν
898 2919 941 2972 ἐπ.
960 2919 990 2970 rl.
1099 2933 1135 2970 ra.
1154 2921 1314 3018 ἕκαστονλ.

236 3129 325 3183 stent,
345 3123 394 3178 ubi
411 3125 548 3178 neminem
566 3127 714 3180 habuerint
734 3147 749 3178 a
770 3145 841 3196 quo,
861 3127 1089 3197 quemadmodum
1102 3128 1216 3182 Romani
1232 3141 1319 3195 oppu-

235 3192 334 3258 gnandi
352 3195 417 3258 sint,
434 3195 590 3253 doceantur.
607 3215 669 3250 nam
688 3217 748 3250 cum
766 3208 793 3249 et
813 3199 896 3267 liqui
913 3200 942 3250 in
960 3198 1068 3250 vincula
1088 3197 1204 3250 coniecti
1222 3205 1252 3248 et
1270 3197 1320 3265 qui

235 3264 321 3318 oculis
344 3266 442 3334 privati
460 3275 535 3331 sunt,
556 3269 669 3327 consilia
695 3269 818 3338 improba
835 3287 893 3321 aon
915 3269 1083 3321 reserantia
1103 3267 1200 3318 melina
1222 3265 1319 3322 sedin

233 3333 325 3402 priore
353 3339 491 3390 sententia
522 3349 713 3408 perseverent,
740 3341 817 3392 nulla
835 3341 905 3391 ratio
933 3347 1056 3410 superest
1074 3355 1128 3408 qua
1148 3337 1267 3406 improbi
1283 3334 1319 3390 ad

232 3421 326 3456 sanam
351 3417 471 3463 mentem
491 3409 667 3472 reducantur,
687 3412 741 3461 nisi
767 3411 840 3462 vitae
858 3411 977 3480 ereptio,
996 3425 1067 3480 (puae
1087 3417 1118 3460 ut
1136 3423 1212 3460 sacra
1230 3416 1259 3460 et
1275 3424 1320 3458 ea-

233 3473 330 3526 lutaris
356 3495 453 3530 ancora
470 3489 564 3532 contra
577 3481 723 3533 vaecordes
747 3490 776 3533 et
794 3482 934 3534 dementes
956 3487 998 3533 est
1015 3479 1184 3549 usurpanda3
1202 3495 1319 3547 quorum

233 3560 283 3602 cae
301 3555 365 3598 sunt
381 3548 569 3617 intemperiae,
589 3560 621 3605 ut
636 3560 693 3607 nori
711 3552 930 3604 animadvertant
946 3567 975 3603 ae
993 3560 1088 3604 contra
1105 3549 1247 3604 rtimulum
1263 3548 1320 3600 cal-

232 3615 331 3665 citrare
357 3624 387 3668 et
407 3618 527 3686 gladium
552 3631 645 3675 contra
662 3632 750 3675 semet
779 3624 852 3693 ipsos
869 3623 991 3674 acuere.'’
1016 3622 1084 3674 baec
1115 3629 1143 3672 et
1160 3619 1320 3672 huiusmodi

232 3685 298 3748 alia,
319 3693 350 3737 ut
368 3703 401 3737 ex
424 3688 518 3741 multis
536 3709 622 3760 pauca
639 3695 772 3756 referam,
794 3693 929 3748 nefariam
946 3692 1018 3744 illud
1036 3692 1175 3744 decretum
1193 3691 1319 3743 contine-

231 3753 289 3806 bat
307 3757 474 3826 sequebatur
499 3776 593 3814 eorum
620 3766 788 3818 enumeratio
808 3765 856 3833 qui
876 3761 1125 3835 comprehendendi
1144 3769 1173 3814 et
1192 3777 1257 3813 mox
1274 3776 1318 3813 oo·

231 3824 342 3878 cidendi
361 3835 452 3878 erant:
483 3832 685 3900 exprimebatur
702 3844 731 3888 et
745 3835 843 3888 modus
870 3851 926 3906 quo
943 3835 1061 3905 quisque
1079 3831 1220 3886 tollendus
1239 3839 1318 3884 σιιει.

230 3912 282 3962 ego
298 3913 361 3950 vero
391 3916 452 3949 cum
473 3899 526 3953 alia
547 3904 658 3957 illorum
674 3907 816 3960 hominum
836 3915 896 3958 acta
919 3906 1039 3958 demiror
1060 3913 1089 3957 et
1108 3903 1321 3956 sceleratissima

228 3965 329 4029 iudico,
344 3976 401 4020 turn
416 3969 525 4023 decreto
544 3973 596 4025 isto
608 3976 789 4048 obstupesco,
813 3993 903 4047 nequa
917 3977 1070 4046 perspicere
1080 3991 1191 4044 possum
1211 3969 1279 4043 quid
1289 3972 1320 4024 ln

227 4054 261 4087 eo
278 4039 365 4090 secuti
381 4039 452 4102 sint,
470 4051 518 4093 aut
535 4059 590 4111 quo
618 4046 722 4099 iudicio
741 4065 820 4101 suum
837 4048 1012 4118 parricidium
1032 4047 1085 4098 deo
1107 4043 1317 4113 adscripserint.

228 4107 405 4178 divinumque
426 4122 529 4164 motum
552 4115 580 4165 id
611 4119 785 4186 impudenter
805 4119 970 4188 appellarint
989 4117 1064 4188 quod
1081 4117 1185 4186 priurus
1204 4114 1317 4168 humani

227 4181 333 4243 generis
354 4181 439 4233 bostis¹
460 4185 498 4234 eis
519 4185 592 4236 baud
609 4187 694 4240 dubie
714 4191 863 4257 suggessit,
883 4207 945 4241 curu
963 4189 1038 4240 uliud
1061 4203 1166 4238 sumere
1185 4183 1318 4254 principi-

228 4266 273 4316 um
289 4250 439 4311 modestius.
458 4263 486 4306 ct
512 4257 682 4330 probabilius
701 4261 839 4328 licuisset,
862 4270 945 4331 cupre
964 4277 979 4311 a
998 4258 1166 4320 contumelia
1187 4255 1234 4320 dri
1253 4254 1318 4314 abas
