3017 4892
539 329 781 398 valerano.
1185 333 1229 401 11

137 485 409 570 amphitheauum.
420 484 554 548 humani
570 485 685 570 ingenii
702 498 735 550 et
752 487 953 570 experientiae
971 486 1172 572 multiplica?
1189 489 1231 552 etl

138 587 230 671 quod
252 584 461 649 exornandum
480 597 512 649 et
531 585 780 670 locupletandum
797 609 861 650 non
872 599 994 652 tantum
1008 609 1115 652 omnes
1128 591 1231 652 natio·

134 709 222 765 nes,
243 705 341 748 ornnes
361 685 528 761 homines,
557 709 665 750 ornnes
689 697 807 750 aetates
835 688 942 773 stipem
972 710 1060 752 sunm
1091 690 1232 754 contulo-

138 798 246 867 runt,
267 786 318 848 sed
350 787 446 850 etiam
476 785 527 850 slei
557 787 738 852 immortalis
771 787 939 852 liberalitas
967 790 1066 853 multa
1094 791 1231 856 auctoris

138 886 273 964 adiecit,
296 888 333 950 iis
350 885 447 950 rebus
464 887 583 972 partim
604 909 717 951 arcano
744 891 849 952 afflatu
881 890 991 973 partim
1018 912 1076 975 per
1100 893 1231 973 insignia

137 985 291 1048 miracula
309 987 474 1068 revelatis,
497 1009 574 1072 quas
595 989 734 1052 obtusior
753 990 884 1052 humani
913 990 1027 1076 ingenii
1050 993 1132 1053 acies
1159 1013 1231 1074 peo-

138 1087 264 1170 spicere
284 1087 413 1150 minime
440 1090 595 1170 potuisset.
627 1109 700 1150 cum
732 1100 836 1152 autem
863 1109 961 1152 atrro
988 1111 1090 1166 arone
1115 1111 1231 1154 oasrro

136 1185 239 1248 multo
258 1188 357 1270 magis
378 1207 473 1270 quam
499 1188 599 1251 forma
626 1209 796 1272 corporum
827 1189 984 1252 hominem
1016 1191 1184 1273 distinguat
1211 1213 1231 1254 s

138 1287 267 1366 belluis,
286 1298 319 1349 et
338 1287 475 1350 veritatis
504 1287 602 1352 solida
626 1289 765 1373 cognitio
795 1299 830 1354 et
858 1287 975 1353 diserta
1004 1291 1163 1374 explicatio
1191 1291 1232 1353 sit

13 1455 14 1458 Ἴ
132 1375 211 1450 ’τίω
222 1386 386 1470 proprium
407 1409 540 1468 munus,
559 1389 635 1473 quid
655 1389 739 1452 alind
764 1401 811 1454 est
837 1390 1050 1475 philosophari
1078 1411 1171 1474 quam
1198 1394 1233 1453 ia

13 1477 14 1494 i
141 1507 182 1548 on
203 1486 364 1551 elaborare
385 1499 420 1550 ut
441 1489 591 1553 vocabula
608 1511 679 1554 curn
692 1491 785 1554 rebus
804 1495 1012 1567 consentiant,
1035 1501 1067 1552 et
1085 1499 1122 1552 ut
1138 1491 1161 1552 ii
1189 1493 1233 1553 si·

13 1591 14 1624 f
141 1587 430 1672 mnsqnidicimur,
450 1591 615 1655 homines?
633 1592 819 1676 complector
836 1575 940 1656 nutem
958 1589 1167 1677 philosophiae
1176 1613 1233 1654 no·

13 1717 14 1742 r
139 1687 227 1750 mine
247 1701 370 1753 tanturn
389 1703 540 1775 quantum
565 1693 661 1776 ipsius
687 1693 866 1776 sifflificatio
895 1691 1133 1776 complectitur,
1166 1701 1233 1753 stu-

142 1788 229 1850 rlium
249 1801 346 1874 atque
367 1811 505 1855 amorem
520 1795 700 1876 sapientiae;
721 1814 801 1878 quae
820 1815 924 1857 rerum
940 1793 1115 1856 divinarum
1130 1801 1163 1853 et
1174 1791 1234 1853 hu·

142 1911 306 1952 manarum
329 1912 557 1978 causarumque
577 1894 690 1977 quibus
716 1913 771 1956 eac
799 1915 850 1957 res
874 1897 1076 1956 continentur
1108 1890 1234 1952 scientie

143 1989 303 2054 definitur.
327 2013 423 2075 quarn
442 1997 679 2057 immensitatem
698 2013 770 2055 cum
784 1993 865 2056 solus
876 1993 953 2054 deus
972 2011 1078 2054 rerum
1095 1991 1234 2055 omnium

143 2090 244 2173 opifex
261 2100 393 2171 teneat,
416 2093 497 2155 solus
517 2093 662 2168 utboni,
684 2093 729 2154 ita
748 2103 780 2153 et
796 2091 940 2174 sapientis
959 2109 1069 2152 nomen
1091 2090 1235 2153 interibi

143 2190 293 2257 venilioet.
323 2191 463 2255 homines
490 2205 594 2256 summ
628 2193 794 2277 sapientiae
822 2200 856 2254 et
886 2192 1008 2256 virtutis
1037 2203 1175 2253 amantes
1198 2212 1235 2254 ac

144 2291 295 2354 studiosos
319 2312 384 2354 csse
405 2293 485 2355 nihil
505 2305 610 2375 vetat3
631 2315 695 2377 quo
716 2313 823 2356 amore
841 2311 877 2354 ac
895 2290 998 2354 studio
1018 2311 1082 2375 quo
1105 2293 1235 2375 qnisrpse

139 2389 261 2474 longius
281 2393 506 2476 progreditur,
535 2397 719 2478 euprepius
752 2415 773 2456 a
799 2391 980 2456 caelestibus
1008 2394 1104 2476 geniis
1124 2391 1234 2471 abeat,

139 2493 215 2575 quia
238 2513 278 2554 ea
308 2513 344 2556 re
361 2493 526 2557 beatissimi
547 2494 723 2576 habentur,
754 2493 842 2578 quod
862 2496 963 2576 ipsum
990 2492 1105 2574 deum,
1132 2494 1235 2554 omnis

141 2592 296 2654 bonitatis
315 2603 347 2656 et
367 2594 538 2677 sapientiae
557 2594 700 2672 fontem,
722 2597 835 2678 iugiter
856 2614 929 2655 cum
950 2590 1096 2654 ineffabili
1124 2593 1236 2675 gaudio

142 2689 308 2754 intuentur
329 2694 441 2778 (neque
460 2693 520 2756 alia
543 2695 662 2777 piorum
681 2693 847 2756 beatitudo.
864 2704 933 2776 post
953 2691 1035 2754 hanc
1053 2691 1150 2753 eitam
1167 2692 1235 2754 fore

141 2791 228 2854 baud
249 2791 306 2855 abs
327 2813 363 2856 re
383 2793 555 2876 creditur);
575 2815 638 2878 quo
658 2796 785 2878 propius
803 2795 934 2876 resistit,
957 2813 995 2856 eo
1013 2795 1117 2855 minus
1136 2791 1236 2875 digai·

140 2901 241 2955 tatem
261 2911 352 2956 snam
373 2905 405 2956 et
424 2893 598 2958 excellentis
617 2904 749 2958 naturae
771 2915 898 2957 munera
920 2903 1033 2955 tuetur.
1062 2893 1133 2978 quis
1156 2913 1234 2956 vero

142 3013 179 3055 ea
200 2995 244 3056 sit
262 2995 465 3078 arrogantia,
486 3007 521 3057 ut
540 3015 631 3057 suum
650 2995 740 3056 unius
763 2995 917 3078 ingenium
935 3005 1055 3056 tantum
1083 3013 1148 3056 esse
1173 3016 1236 3076 pu·

143 3103 204 3171 tet,
226 3103 265 3156 nt
284 3113 326 3157 eo
346 3105 508 3158 contentus
526 3085 637 3158 omnia
648 3105 789 3159 veterum
808 3097 934 3158 inventa
952 3104 986 3157 et
1002 3095 1236 3176 experimenta,

13 3207 14 3226 ¹
142 3191 326 3256 litterurum
346 3197 550 3260 monumentis
570 3197 768 3280 consignata,
790 3197 944 3280 sspmnmi
963 3203 1080 3276 queat,
1108 3211 1147 3254 ac
1172 3213 1236 3254 non

143 3295 251 3378 potins
272 3315 309 3358 es
324 3297 440 3360 infinita
461 3300 549 3382 copia
568 3298 686 3382 optima
705 3317 846 3382 quaeque
866 3308 897 3359 et
916 3294 1042 3378 ingenio
1062 3312 1118 3354 suo
1137 3293 1237 3357 vitae·

147 3415 208 3479 que
229 3395 372 3462 instituto
391 3399 547 3483 aptissima
566 3404 803 3482 perscrutetur?
830 3415 903 3458 nam
922 3403 959 3456 ut
977 3414 1058 3456 unus
1085 3389 1235 3476 excellat,

144 3497 319 3584 aut'saltem
337 3519 409 3561 cum
427 3499 576 3562 mediocri
593 3519 733 3564 sacceam
762 3495 932 3590 laboret-in
952 3495 1114 3572 onatilius,
1131 3495 1184 3558 rix
1199 3513 1237 3557 ac

148 3616 191 3659 ne
205 3595 253 3659 rix
274 3597 403 3682 quidem
423 3599 489 3661 lieri
507 3609 619 3682 potest.
638 3619 675 3662 ac
694 3598 859 3682 plerosque
877 3595 926 3660 vel
945 3597 990 3659 rei
1009 3593 1168 3660 familiaris
1180 3615 1237 3656 an-

147 3697 265 3778 gustiae
284 3697 336 3761 vel
356 3699 550 3782 ingeniorum
572 3701 704 3764 tenuitas
723 3700 757 3762 in
784 3707 903 3761 mitum
928 3696 1085 3782 quoddam
1116 3692 1237 3758 studio·

13 3847 14 3874 ,
148 3815 217 3858 rum
238 3819 354 3881 genus,
384 3799 471 3863 velut
491 3801 522 3861 in
542 3819 696 3863 carcerem
721 3810 777 3861 aut
806 3798 1012 3883 ergastulum,
1041 3794 1237 3862 absurdunt.

148 3897 260 3978 quibus
285 3909 386 3962 sutem
411 3899 461 3964 dei
479 3898 733 3984 optimi'maximi
752 3899 923 3984 benignitas
942 3919 979 3961 ea
1004 3907 1037 3960 et
1063 3897 1237 3958 animorum

13 4005 14 4022 ¹
149 4005 181 4058 et
201 3997 395 4062 fortunarum
414 3999 551 4062 subsidia
571 4002 736 4084 concessit,
757 4001 846 4064 utin
864 3997 979 4061 nullius
1002 3996 1140 4080 magistri
1165 4013 1237 4058 ver·

148 4095 187 4158 ba
204 4099 310 4162 iurare
331 4101 428 4164 coacti
445 4099 618 4164 libertatern
636 4119 724 4164 suam
745 4099 924 4166 inviolatam
953 4098 1126 4177 retineant,
1156 4115 1236 4180 pro-

13 4267 15 4270 .
147 4196 225 4262 lecto
246 4219 285 4266 eo
305 4199 457 4267 beatiores
480 4211 570 4266 erunt
591 4221 654 4286 quo
672 4199 809 4288 plurium
826 4211 856 4264 et
879 4199 1044 4294 meliorum
1064 4216 1170 4262 rerum
1187 4215 1237 4258 co·
