<?xml version="1.0" encoding="UTF-8"?>
<!DOCTYPE html PUBLIC "-//W3C//DTD XHTML 1.0 Transitional//EN"
    "http://www.w3.org/TR/xhtml1/DTD/xhtml1-transitional.dtd">
<html xmlns="http://www.w3.org/1999/xhtml" xml:lang="en" lang="en">
 <head>
  <title>
</title>
<meta http-equiv="Content-Type" content="text/html;charset=utf-8" />
  <meta name='ocr-system' content='tesseract 3.04.00' />
  <meta name='ocr-capabilities' content='ocr_page ocr_carea ocr_par ocr_line ocrx_word'/>
</head>
<body>
  <div class='ocr_page' id='page_1' title='image "./corpusscriptoru03unkngoog/corpusscriptoru03unkngoog_0014.png"; bbox 0 0 3017 4892; ppageno 0'>
   <div class='ocr_carea' id='block_1_1' title="bbox 297 307 971 374">
    <p class='ocr_par' dir='ltr' id='par_1_1' title="bbox 297 307 971 374">
     <span class='ocr_line' id='line_1_1' title="bbox 297 307 971 374; baseline -0.006 0"><span class='ocrx_word' id='word_1_1' title='bbox 297 312 355 374; x_wconf 78' lang='lat' dir='ltr'><strong>xit</strong></span> <span class='ocrx_word' id='word_1_2' title='bbox 667 311 781 374; x_wconf 71' lang='lat' dir='ltr'><strong>nteit.</strong></span> <span class='ocrx_word' id='word_1_3' title='bbox 815 307 971 371; x_wconf 79' lang='lat' dir='ltr'><strong>womr</strong></span> 
     </span>
    </p>
   </div>
   <div class='ocr_carea' id='block_1_2' title="bbox 246 459 1384 4248">
    <p class='ocr_par' dir='ltr' id='par_1_2' title="bbox 246 459 1384 4248">
     <span class='ocr_line' id='line_1_2' title="bbox 297 459 1380 548; baseline -0.004 -22"><span class='ocrx_word' id='word_1_4' title='bbox 297 462 464 548; x_wconf 84' lang='lat' dir='ltr'><strong>gnitionem</strong></span> <span class='ocrx_word' id='word_1_5' title='bbox 485 463 660 544; x_wconf 78' lang='lat' dir='ltr'><strong>coegerint,</strong></span> <span class='ocrx_word' id='word_1_6' title='bbox 685 465 717 526; x_wconf 88' lang='lat' dir='ltr'><strong>in</strong></span> <span class='ocrx_word' id='word_1_7' title='bbox 736 465 828 526; x_wconf 83' lang='lat' dir='ltr'><strong>variis</strong></span> <span class='ocrx_word' id='word_1_8' title='bbox 850 463 961 546; x_wconf 81' lang='lat' dir='ltr'><strong>linguis</strong></span> <span class='ocrx_word' id='word_1_9' title='bbox 981 472 1072 544; x_wconf 86' lang='lat' dir='ltr'><strong>atque</strong></span> <span class='ocrx_word' id='word_1_10' title='bbox 1090 459 1271 522; x_wconf 86' lang='lat' dir='ltr'><strong>auctoribus</strong></span> <span class='ocrx_word' id='word_1_11' title='bbox 1290 460 1380 523; x_wconf 82' lang='lat' dir='ltr'><strong>dissi-</strong></span> 
     </span>
     <span class='ocr_line' id='line_1_3' title="bbox 294 561 1381 646; baseline -0.002 -22"><span class='ocrx_word' id='word_1_12' title='bbox 294 574 410 646; x_wconf 86' lang='lat' dir='ltr'><strong>patam.</strong></span> <span class='ocrx_word' id='word_1_13' title='bbox 433 561 464 624; x_wconf 91' lang='lat' dir='ltr'><strong>id</strong></span> <span class='ocrx_word' id='word_1_14' title='bbox 488 573 590 633; x_wconf 85' lang='lat' dir='ltr'><strong>autem</strong></span> <span class='ocrx_word' id='word_1_15' title='bbox 608 561 732 628; x_wconf 87' lang='lat' dir='ltr'><strong>difficile</strong></span> <span class='ocrx_word' id='word_1_16' title='bbox 752 566 781 626; x_wconf 84' lang='lat' dir='ltr'><strong>ei</strong></span> <span class='ocrx_word' id='word_1_17' title='bbox 802 584 863 628; x_wconf 90' lang='lat' dir='ltr'><strong>non</strong></span> <span class='ocrx_word' id='word_1_18' title='bbox 884 566 960 639; x_wconf 89' lang='lat' dir='ltr'><strong>erit,</strong></span> <span class='ocrx_word' id='word_1_19' title='bbox 980 562 1035 644; x_wconf 87' lang='lat' dir='ltr'><strong>qni</strong></span> <span class='ocrx_word' id='word_1_20' title='bbox 1054 561 1176 645; x_wconf 85' lang='lat' dir='ltr'><strong>lingrrae</strong></span> <span class='ocrx_word' id='word_1_21' title='bbox 1187 562 1324 622; x_wconf 84' lang='lat' dir='ltr'><strong>Graecae</strong></span> <span class='ocrx_word' id='word_1_22' title='bbox 1343 581 1381 622; x_wconf 86' lang='lat' dir='ltr'><strong>ae</strong></span> 
     </span>
     <span class='ocr_line' id='line_1_4' title="bbox 293 659 1381 726; baseline -0.002 -2"><span class='ocrx_word' id='word_1_23' title='bbox 293 663 428 725; x_wconf 85' lang='lat' dir='ltr'><strong>Latinsa</strong></span> <span class='ocrx_word' id='word_1_24' title='bbox 450 663 597 726; x_wconf 87' lang='lat' dir='ltr'><strong>mediocri</strong></span> <span class='ocrx_word' id='word_1_25' title='bbox 617 683 674 726; x_wconf 87' lang='lat' dir='ltr'><strong>usu</strong></span> <span class='ocrx_word' id='word_1_26' title='bbox 693 666 862 726; x_wconf 86' lang='lat' dir='ltr'><strong>instructus</strong></span> <span class='ocrx_word' id='word_1_27' title='bbox 889 661 1038 726; x_wconf 78' lang='lat' dir='ltr'><strong>methodo</strong></span> <span class='ocrx_word' id='word_1_28' title='bbox 1063 682 1096 723; x_wconf 86' lang='lat' dir='ltr'><strong>se</strong></span> <span class='ocrx_word' id='word_1_29' title='bbox 1124 659 1323 724; x_wconf 75' lang='lat' dir='ltr'><strong>assuefecerit</strong></span> <span class='ocrx_word' id='word_1_30' title='bbox 1351 669 1381 722; x_wconf 76' lang='lat' dir='ltr'><strong>et</strong></span> 
     </span>
     <span class='ocr_line' id='line_1_5' title="bbox 295 762 1382 845; baseline -0.002 -21"><span class='ocrx_word' id='word_1_31' title='bbox 295 765 408 824; x_wconf 85' lang='lat' dir='ltr'><strong>artium</strong></span> <span class='ocrx_word' id='word_1_32' title='bbox 428 766 611 845; x_wconf 89' lang='lat' dir='ltr'><strong>optimarum</strong></span> <span class='ocrx_word' id='word_1_33' title='bbox 629 763 827 826; x_wconf 81' lang='lat' dir='ltr'><strong>fundamenta</strong></span> <span class='ocrx_word' id='word_1_34' title='bbox 848 763 977 826; x_wconf 83' lang='lat' dir='ltr'><strong>fideliter</strong></span> <span class='ocrx_word' id='word_1_35' title='bbox 1005 762 1121 824; x_wconf 87' lang='lat' dir='ltr'><strong>iecerit.</strong></span> <span class='ocrx_word' id='word_1_36' title='bbox 1134 782 1172 824; x_wconf 91' lang='lat' dir='ltr'><strong>ac</strong></span> <span class='ocrx_word' id='word_1_37' title='bbox 1185 771 1231 822; x_wconf 84' lang='lat' dir='ltr'><strong>est</strong></span> <span class='ocrx_word' id='word_1_38' title='bbox 1246 762 1278 821; x_wconf 93' lang='lat' dir='ltr'><strong>in</strong></span> <span class='ocrx_word' id='word_1_39' title='bbox 1298 780 1333 820; x_wconf 89' lang='lat' dir='ltr'><strong>ea</strong></span> <span class='ocrx_word' id='word_1_40' title='bbox 1345 780 1382 822; x_wconf 87' lang='lat' dir='ltr'><strong>re</strong></span> 
     </span>
     <span class='ocr_line' id='line_1_6' title="bbox 298 859 1381 928; baseline -0.003 -4"><span class='ocrx_word' id='word_1_41' title='bbox 298 881 371 924; x_wconf 85' lang='lat' dir='ltr'><strong>eane</strong></span> <span class='ocrx_word' id='word_1_42' title='bbox 391 862 577 926; x_wconf 87' lang='lat' dir='ltr'><strong>difficultatis</strong></span> <span class='ocrx_word' id='word_1_43' title='bbox 598 874 629 926; x_wconf 89' lang='lat' dir='ltr'><strong>et</strong></span> <span class='ocrx_word' id='word_1_44' title='bbox 649 863 808 928; x_wconf 73' lang='lat' dir='ltr'><strong>molestiae</strong></span> <span class='ocrx_word' id='word_1_45' title='bbox 821 862 970 926; x_wconf 85' lang='lat' dir='ltr'><strong>nonnihil.</strong></span> <span class='ocrx_word' id='word_1_46' title='bbox 990 861 1043 925; x_wconf 90' lang='lat' dir='ltr'><strong>sed</strong></span> <span class='ocrx_word' id='word_1_47' title='bbox 1062 861 1116 924; x_wconf 91' lang='lat' dir='ltr'><strong>ubi</strong></span> <span class='ocrx_word' id='word_1_48' title='bbox 1134 883 1170 923; x_wconf 86' lang='lat' dir='ltr'><strong>ex</strong></span> <span class='ocrx_word' id='word_1_49' title='bbox 1190 859 1250 922; x_wconf 89' lang='lat' dir='ltr'><strong>illis</strong></span> <span class='ocrx_word' id='word_1_50' title='bbox 1268 861 1381 922; x_wconf 85' lang='lat' dir='ltr'><strong>artium</strong></span> 
     </span>
     <span class='ocr_line' id='line_1_7' title="bbox 299 961 1381 1047; baseline -0.002 -25"><span class='ocrx_word' id='word_1_51' title='bbox 299 963 448 1046; x_wconf 85' lang='lat' dir='ltr'><strong>angustiis</strong></span> <span class='ocrx_word' id='word_1_52' title='bbox 465 965 497 1025; x_wconf 92' lang='lat' dir='ltr'><strong>in</strong></span> <span class='ocrx_word' id='word_1_53' title='bbox 518 963 710 1028; x_wconf 87' lang='lat' dir='ltr'><strong>liberrimum</strong></span> <span class='ocrx_word' id='word_1_54' title='bbox 737 964 847 1047; x_wconf 87' lang='lat' dir='ltr'><strong>optimi</strong></span> <span class='ocrx_word' id='word_1_55' title='bbox 876 966 1023 1046; x_wconf 87' lang='lat' dir='ltr'><strong>cuiusque</strong></span> <span class='ocrx_word' id='word_1_56' title='bbox 1053 961 1209 1045; x_wconf 83' lang='lat' dir='ltr'><strong>scriptoris</strong></span> <span class='ocrx_word' id='word_1_57' title='bbox 1238 981 1381 1042; x_wconf 83' lang='lat' dir='ltr'><strong>campum</strong></span> 
     </span>
     <span class='ocr_line' id='line_1_8' title="bbox 294 1061 1381 1148; baseline -0.004 -24"><span class='ocrx_word' id='word_1_58' title='bbox 294 1062 443 1125; x_wconf 72' lang='lat' dir='ltr'><strong>eluctatus</strong></span> <span class='ocrx_word' id='word_1_59' title='bbox 463 1063 581 1142; x_wconf 79' lang='lat' dir='ltr'><strong>fueris,</strong></span> <span class='ocrx_word' id='word_1_60' title='bbox 603 1086 675 1127; x_wconf 87' lang='lat' dir='ltr'><strong>vere</strong></span> <span class='ocrx_word' id='word_1_61' title='bbox 698 1065 731 1126; x_wconf 89' lang='lat' dir='ltr'><strong>id</strong></span> <span class='ocrx_word' id='word_1_62' title='bbox 759 1063 917 1148; x_wconf 74' lang='lat' dir='ltr'><strong>apparebit</strong></span> <span class='ocrx_word' id='word_1_63' title='bbox 942 1062 1026 1147; x_wconf 86' lang='lat' dir='ltr'><strong>quod</strong></span> <span class='ocrx_word' id='word_1_64' title='bbox 1056 1061 1232 1147; x_wconf 82' lang='lat' dir='ltr'><strong>aquodam</strong></span> <span class='ocrx_word' id='word_1_65' title='bbox 1257 1061 1381 1142; x_wconf 88' lang='lat' dir='ltr'><strong>sapien.</strong></span> 
     </span>
     <span class='ocr_line' id='line_1_9' title="bbox 293 1158 1381 1245; baseline -0.007 -17"><span class='ocrx_word' id='word_1_66' title='bbox 293 1163 409 1228; x_wconf 86' lang='lat' dir='ltr'><strong>tissima</strong></span> <span class='ocrx_word' id='word_1_67' title='bbox 431 1162 499 1226; x_wconf 80' lang='lat' dir='ltr'><strong>viro</strong></span> <span class='ocrx_word' id='word_1_68' title='bbox 521 1163 637 1226; x_wconf 88' lang='lat' dir='ltr'><strong>dictum</strong></span> <span class='ocrx_word' id='word_1_69' title='bbox 657 1176 720 1245; x_wconf 89' lang='lat' dir='ltr'><strong>est,</strong></span> <span class='ocrx_word' id='word_1_70' title='bbox 740 1165 807 1226; x_wconf 85' lang='lat' dir='ltr'><strong>sive</strong></span> <span class='ocrx_word' id='word_1_71' title='bbox 827 1164 854 1225; x_wconf 90' lang='lat' dir='ltr'><strong>is</strong></span> <span class='ocrx_word' id='word_1_72' title='bbox 873 1164 1014 1226; x_wconf 79' lang='lat' dir='ltr'><strong>Socrates</strong></span> <span class='ocrx_word' id='word_1_73' title='bbox 1037 1165 1102 1224; x_wconf 87' lang='lat' dir='ltr'><strong>sive</strong></span> <span class='ocrx_word' id='word_1_74' title='bbox 1122 1164 1267 1224; x_wconf 88' lang='lat' dir='ltr'><strong>Isocrates</strong></span> <span class='ocrx_word' id='word_1_75' title='bbox 1285 1158 1381 1222; x_wconf 83' lang='lat' dir='ltr'><strong>inerit</strong></span> 
     </span>
     <span class='ocr_line' id='line_1_10' title="bbox 291 1260 1381 1347; baseline -0.005 -23"><span class='ocrx_word' id='word_1_76' title='bbox 291 1263 375 1342; x_wconf 84' lang='lat' dir='ltr'><strong>(nam</strong></span> <span class='ocrx_word' id='word_1_77' title='bbox 392 1263 519 1347; x_wconf 90' lang='lat' dir='ltr'><strong>utrique</strong></span> <span class='ocrx_word' id='word_1_78' title='bbox 540 1264 650 1326; x_wconf 87' lang='lat' dir='ltr'><strong>ascribi</strong></span> <span class='ocrx_word' id='word_1_79' title='bbox 681 1264 793 1342; x_wconf 88' lang='lat' dir='ltr'><strong>video,</strong></span> <span class='ocrx_word' id='word_1_80' title='bbox 816 1275 848 1326; x_wconf 88' lang='lat' dir='ltr'><strong>et</strong></span> <span class='ocrx_word' id='word_1_81' title='bbox 866 1262 1012 1346; x_wconf 81' lang='lat' dir='ltr'><strong>proclivis</strong></span> <span class='ocrx_word' id='word_1_82' title='bbox 1035 1283 1123 1324; x_wconf 89' lang='lat' dir='ltr'><strong>error</strong></span> <span class='ocrx_word' id='word_1_83' title='bbox 1148 1273 1193 1331; x_wconf 86' lang='lat' dir='ltr'><strong>est</strong></span> <span class='ocrx_word' id='word_1_84' title='bbox 1224 1263 1256 1322; x_wconf 91' lang='lat' dir='ltr'><strong>in</strong></span> <span class='ocrx_word' id='word_1_85' title='bbox 1288 1260 1381 1322; x_wconf 89' lang='lat' dir='ltr'><strong>unius</strong></span> 
     </span>
     <span class='ocr_line' id='line_1_11' title="bbox 291 1360 1383 1444; baseline -0.002 -20"><span class='ocrx_word' id='word_1_86' title='bbox 291 1360 413 1424; x_wconf 84' lang='lat' dir='ltr'><strong>litterae</strong></span> <span class='ocrx_word' id='word_1_87' title='bbox 434 1361 643 1444; x_wconf 84' lang='lat' dir='ltr'><strong>discrimine),</strong></span> <span class='ocrx_word' id='word_1_88' title='bbox 664 1364 780 1426; x_wconf 85' lang='lat' dir='ltr'><strong>radices</strong></span> <span class='ocrx_word' id='word_1_89' title='bbox 799 1365 978 1426; x_wconf 87' lang='lat' dir='ltr'><strong>eruditionis</strong></span> <span class='ocrx_word' id='word_1_90' title='bbox 1001 1383 1118 1424; x_wconf 85' lang='lat' dir='ltr'><strong>amaras</strong></span> <span class='ocrx_word' id='word_1_91' title='bbox 1148 1382 1233 1437; x_wconf 88' lang='lat' dir='ltr'><strong>esse,</strong></span> <span class='ocrx_word' id='word_1_92' title='bbox 1266 1360 1383 1422; x_wconf 80' lang='lat' dir='ltr'><strong>fructus</strong></span> 
     </span>
     <span class='ocr_line' id='line_1_12' title="bbox 246 1460 1383 1547; baseline 0 -25"><span class='ocrx_word' id='word_1_93' title='bbox 246 1527 252 1542; x_wconf 30' lang='grc' dir='ltr'><strong>ι</strong></span> <span class='ocrx_word' id='word_1_94' title='bbox 296 1481 373 1524; x_wconf 83' lang='lat' dir='ltr'><strong>vero</strong></span> <span class='ocrx_word' id='word_1_95' title='bbox 392 1460 592 1528; x_wconf 88' lang='lat' dir='ltr'><strong>dulcissimos.</strong></span> <span class='ocrx_word' id='word_1_96' title='bbox 617 1463 772 1526; x_wconf 89' lang='lat' dir='ltr'><strong>radicibus</strong></span> <span class='ocrx_word' id='word_1_97' title='bbox 792 1474 895 1526; x_wconf 88' lang='lat' dir='ltr'><strong>autem</strong></span> <span class='ocrx_word' id='word_1_98' title='bbox 919 1472 1136 1547; x_wconf 85' lang='lat' dir='ltr'><strong>comparantur</strong></span> <span class='ocrx_word' id='word_1_99' title='bbox 1156 1461 1330 1546; x_wconf 72' lang='lat' dir='ltr'><strong>linguarum</strong></span> <span class='ocrx_word' id='word_1_100' title='bbox 1351 1472 1383 1522; x_wconf 89' lang='lat' dir='ltr'><strong>et</strong></span> 
     </span>
     <span class='ocr_line' id='line_1_13' title="bbox 292 1559 1383 1646; baseline -0.003 -22"><span class='ocrx_word' id='word_1_101' title='bbox 292 1564 405 1624; x_wconf 81' lang='lat' dir='ltr'><strong>artium</strong></span> <span class='ocrx_word' id='word_1_102' title='bbox 426 1563 585 1644; x_wconf 86' lang='lat' dir='ltr'><strong>methodi,</strong></span> <span class='ocrx_word' id='word_1_103' title='bbox 605 1565 759 1628; x_wconf 77' lang='lat' dir='ltr'><strong>fructibus</strong></span> <span class='ocrx_word' id='word_1_104' title='bbox 781 1565 866 1628; x_wconf 79' lang='lat' dir='ltr'><strong>raris</strong></span> <span class='ocrx_word' id='word_1_105' title='bbox 886 1563 988 1626; x_wconf 87' lang='lat' dir='ltr'><strong>lectio.</strong></span> <span class='ocrx_word' id='word_1_106' title='bbox 1009 1563 1063 1646; x_wconf 87' lang='lat' dir='ltr'><strong>qui</strong></span> <span class='ocrx_word' id='word_1_107' title='bbox 1085 1572 1122 1625; x_wconf 90' lang='lat' dir='ltr'><strong>ut</strong></span> <span class='ocrx_word' id='word_1_108' title='bbox 1141 1563 1206 1624; x_wconf 88' lang='lat' dir='ltr'><strong>eine</strong></span> <span class='ocrx_word' id='word_1_109' title='bbox 1225 1559 1383 1623; x_wconf 83' lang='lat' dir='ltr'><strong>radicibus</strong></span> 
     </span>
     <span class='ocr_line' id='line_1_14' title="bbox 289 1660 1380 1748; baseline 0 -29"><span class='ocrx_word' id='word_1_110' title='bbox 289 1660 372 1724; x_wconf 61' lang='lat' dir='ltr'><strong>,nulli</strong></span> <span class='ocrx_word' id='word_1_111' title='bbox 394 1675 505 1744; x_wconf 84' lang='lat' dir='ltr'><strong>essent,</strong></span> <span class='ocrx_word' id='word_1_112' title='bbox 525 1665 566 1724; x_wconf 90' lang='lat' dir='ltr'><strong>ita</strong></span> <span class='ocrx_word' id='word_1_113' title='bbox 588 1665 720 1727; x_wconf 82' lang='lat' dir='ltr'><strong>eruditio</strong></span> <span class='ocrx_word' id='word_1_114' title='bbox 739 1666 897 1748; x_wconf 77' lang='lat' dir='ltr'><strong>pertenuis</strong></span> <span class='ocrx_word' id='word_1_115' title='bbox 917 1675 975 1744; x_wconf 87' lang='lat' dir='ltr'><strong>est,</strong></span> <span class='ocrx_word' id='word_1_116' title='bbox 996 1685 1074 1747; x_wconf 87' lang='lat' dir='ltr'><strong>quae</strong></span> <span class='ocrx_word' id='word_1_117' title='bbox 1094 1685 1158 1726; x_wconf 89' lang='lat' dir='ltr'><strong>non</strong></span> <span class='ocrx_word' id='word_1_118' title='bbox 1179 1672 1263 1725; x_wconf 88' lang='lat' dir='ltr'><strong>certa</strong></span> <span class='ocrx_word' id='word_1_119' title='bbox 1282 1661 1380 1722; x_wconf 89' lang='lat' dir='ltr'><strong>ratio.</strong></span> 
     </span>
     <span class='ocr_line' id='line_1_15' title="bbox 290 1763 1381 1849; baseline -0.002 -26"><span class='ocrx_word' id='word_1_120' title='bbox 290 1781 332 1824; x_wconf 87' lang='lat' dir='ltr'><strong>ne</strong></span> <span class='ocrx_word' id='word_1_121' title='bbox 350 1783 385 1823; x_wconf 89' lang='lat' dir='ltr'><strong>ac</strong></span> <span class='ocrx_word' id='word_1_122' title='bbox 407 1763 456 1825; x_wconf 88' lang='lat' dir='ltr'><strong>via</strong></span> <span class='ocrx_word' id='word_1_123' title='bbox 478 1785 497 1824; x_wconf 89' lang='lat' dir='ltr'><strong>a</strong></span> <span class='ocrx_word' id='word_1_124' title='bbox 519 1763 630 1846; x_wconf 90' lang='lat' dir='ltr'><strong>primis</strong></span> <span class='ocrx_word' id='word_1_125' title='bbox 650 1766 744 1826; x_wconf 90' lang='lat' dir='ltr'><strong>initiis</strong></span> <span class='ocrx_word' id='word_1_126' title='bbox 764 1764 804 1826; x_wconf 87' lang='lat' dir='ltr'><strong>ad</strong></span> <span class='ocrx_word' id='word_1_127' title='bbox 830 1785 984 1826; x_wconf 84' lang='lat' dir='ltr'><strong>strmmum</strong></span> <span class='ocrx_word' id='word_1_128' title='bbox 1005 1785 1103 1849; x_wconf 87' lang='lat' dir='ltr'><strong>nsque</strong></span> <span class='ocrx_word' id='word_1_129' title='bbox 1133 1763 1287 1846; x_wconf 78' lang='lat' dir='ltr'><strong>fastigium</strong></span> <span class='ocrx_word' id='word_1_130' title='bbox 1308 1783 1381 1822; x_wconf 89' lang='lat' dir='ltr'><strong>con·</strong></span> 
     </span>
     <span class='ocr_line' id='line_1_16' title="bbox 289 1861 1382 1947; baseline -0.001 -23"><span class='ocrx_word' id='word_1_131' title='bbox 289 1871 407 1924; x_wconf 83' lang='lat' dir='ltr'><strong>stantes</strong></span> <span class='ocrx_word' id='word_1_132' title='bbox 425 1863 560 1924; x_wconf 89' lang='lat' dir='ltr'><strong>aseendit</strong></span> <span class='ocrx_word' id='word_1_133' title='bbox 580 1885 615 1926; x_wconf 89' lang='lat' dir='ltr'><strong>ac</strong></span> <span class='ocrx_word' id='word_1_134' title='bbox 633 1875 812 1947; x_wconf 88' lang='lat' dir='ltr'><strong>perpetuum</strong></span> <span class='ocrx_word' id='word_1_135' title='bbox 827 1865 885 1926; x_wconf 91' lang='lat' dir='ltr'><strong>sibi</strong></span> <span class='ocrx_word' id='word_1_136' title='bbox 902 1863 1155 1926; x_wconf 87' lang='lat' dir='ltr'><strong>commentarium</strong></span> <span class='ocrx_word' id='word_1_137' title='bbox 1177 1873 1279 1946; x_wconf 79' lang='lat' dir='ltr'><strong>perat.</strong></span> <span class='ocrx_word' id='word_1_138' title='bbox 1295 1861 1382 1945; x_wconf 82' lang='lat' dir='ltr'><strong>quod</strong></span> 
     </span>
     <span class='ocr_line' id='line_1_17' title="bbox 293 1961 1382 2047; baseline 0.002 -25"><span class='ocrx_word' id='word_1_139' title='bbox 293 1961 377 2022; x_wconf 88' lang='lat' dir='ltr'><strong>euim</strong></span> <span class='ocrx_word' id='word_1_140' title='bbox 398 1982 492 2044; x_wconf 85' lang='lat' dir='ltr'><strong>supra</strong></span> <span class='ocrx_word' id='word_1_141' title='bbox 514 1961 607 2024; x_wconf 88' lang='lat' dir='ltr'><strong>etiam</strong></span> <span class='ocrx_word' id='word_1_142' title='bbox 629 1965 729 2047; x_wconf 84' lang='lat' dir='ltr'><strong>attigi,</strong></span> <span class='ocrx_word' id='word_1_143' title='bbox 750 1963 907 2026; x_wconf 87' lang='lat' dir='ltr'><strong>doctrinae</strong></span> <span class='ocrx_word' id='word_1_144' title='bbox 929 1966 1029 2026; x_wconf 89' lang='lat' dir='ltr'><strong>omnis</strong></span> <span class='ocrx_word' id='word_1_145' title='bbox 1049 1964 1118 2026; x_wconf 85' lang='lat' dir='ltr'><strong>laus</strong></span> <span class='ocrx_word' id='word_1_146' title='bbox 1138 1965 1169 2024; x_wconf 92' lang='lat' dir='ltr'><strong>in</strong></span> <span class='ocrx_word' id='word_1_147' title='bbox 1191 1964 1301 2024; x_wconf 85' lang='lat' dir='ltr'><strong>artium</strong></span> <span class='ocrx_word' id='word_1_148' title='bbox 1315 1983 1382 2024; x_wconf 85' lang='lat' dir='ltr'><strong>me·</strong></span> 
     </span>
     <span class='ocr_line' id='line_1_18' title="bbox 290 2060 1381 2148; baseline 0.001 -26"><span class='ocrx_word' id='word_1_149' title='bbox 290 2060 394 2124; x_wconf 83' lang='lat' dir='ltr'><strong>tbodis</strong></span> <span class='ocrx_word' id='word_1_150' title='bbox 413 2073 505 2143; x_wconf 86' lang='lat' dir='ltr'><strong>atque</strong></span> <span class='ocrx_word' id='word_1_151' title='bbox 525 2063 557 2122; x_wconf 92' lang='lat' dir='ltr'><strong>in</strong></span> <span class='ocrx_word' id='word_1_152' title='bbox 578 2082 615 2124; x_wconf 91' lang='lat' dir='ltr'><strong>eo</strong></span> <span class='ocrx_word' id='word_1_153' title='bbox 632 2066 785 2140; x_wconf 86' lang='lat' dir='ltr'><strong>vertitur,</strong></span> <span class='ocrx_word' id='word_1_154' title='bbox 806 2063 908 2147; x_wconf 83' lang='lat' dir='ltr'><strong>quod,</strong></span> <span class='ocrx_word' id='word_1_155' title='bbox 931 2064 1034 2146; x_wconf 83' lang='lat' dir='ltr'><strong>quoad</strong></span> <span class='ocrx_word' id='word_1_156' title='bbox 1059 2065 1124 2126; x_wconf 84' lang='lat' dir='ltr'><strong>lieri</strong></span> <span class='ocrx_word' id='word_1_157' title='bbox 1143 2074 1268 2148; x_wconf 90' lang='lat' dir='ltr'><strong>potest,</strong></span> <span class='ocrx_word' id='word_1_158' title='bbox 1292 2066 1381 2146; x_wconf 85' lang='lat' dir='ltr'><strong>quic-</strong></span> 
     </span>
     <span class='ocr_line' id='line_1_19' title="bbox 289 2159 1383 2243; baseline 0.004 -23"><span class='ocrx_word' id='word_1_159' title='bbox 289 2159 367 2242; x_wconf 87' lang='lat' dir='ltr'><strong>quid</strong></span> <span class='ocrx_word' id='word_1_160' title='bbox 392 2159 430 2220; x_wconf 85' lang='lat' dir='ltr'><strong>ad</strong></span> <span class='ocrx_word' id='word_1_161' title='bbox 455 2159 583 2225; x_wconf 87' lang='lat' dir='ltr'><strong>eandem</strong></span> <span class='ocrx_word' id='word_1_162' title='bbox 603 2181 670 2222; x_wconf 89' lang='lat' dir='ltr'><strong>rem</strong></span> <span class='ocrx_word' id='word_1_163' title='bbox 691 2164 842 2242; x_wconf 84' lang='lat' dir='ltr'><strong>pertinet,</strong></span> <span class='ocrx_word' id='word_1_164' title='bbox 865 2165 1043 2243; x_wconf 73' lang='lat' dir='ltr'><strong>ennuchis,</strong></span> <span class='ocrx_word' id='word_1_165' title='bbox 1065 2175 1151 2226; x_wconf 82' lang='lat' dir='ltr'><strong>etex</strong></span> <span class='ocrx_word' id='word_1_166' title='bbox 1172 2164 1268 2226; x_wconf 77' lang='lat' dir='ltr'><strong>seriis</strong></span> <span class='ocrx_word' id='word_1_167' title='bbox 1282 2183 1383 2224; x_wconf 78' lang='lat' dir='ltr'><strong>mens-</strong></span> 
     </span>
     <span class='ocr_line' id='line_1_20' title="bbox 291 2258 1384 2343; baseline 0.003 -22"><span class='ocrx_word' id='word_1_168' title='bbox 291 2261 476 2324; x_wconf 80' lang='lat' dir='ltr'><strong>briennum</strong></span> <span class='ocrx_word' id='word_1_169' title='bbox 497 2279 611 2341; x_wconf 88' lang='lat' dir='ltr'><strong>corpus</strong></span> <span class='ocrx_word' id='word_1_170' title='bbox 635 2258 788 2341; x_wconf 88' lang='lat' dir='ltr'><strong>integrum</strong></span> <span class='ocrx_word' id='word_1_171' title='bbox 815 2261 982 2343; x_wconf 84' lang='lat' dir='ltr'><strong>componit.</strong></span> <span class='ocrx_word' id='word_1_172' title='bbox 1011 2282 1048 2324; x_wconf 86' lang='lat' dir='ltr'><strong>eo</strong></span> <span class='ocrx_word' id='word_1_173' title='bbox 1074 2260 1215 2323; x_wconf 88' lang='lat' dir='ltr'><strong>absoluto</strong></span> <span class='ocrx_word' id='word_1_174' title='bbox 1244 2260 1384 2324; x_wconf 66' lang='lat' dir='ltr'><strong>leetioms</strong></span> 
     </span>
     <span class='ocr_line' id='line_1_21' title="bbox 291 2357 1381 2445; baseline 0.002 -23"><span class='ocrx_word' id='word_1_175' title='bbox 291 2357 426 2422; x_wconf 78' lang='lat' dir='ltr'><strong>varietas</strong></span> <span class='ocrx_word' id='word_1_176' title='bbox 454 2357 581 2442; x_wconf 91' lang='lat' dir='ltr'><strong>singulis</strong></span> <span class='ocrx_word' id='word_1_177' title='bbox 607 2359 748 2441; x_wconf 87' lang='lat' dir='ltr'><strong>partibus</strong></span> <span class='ocrx_word' id='word_1_178' title='bbox 777 2359 863 2422; x_wconf 88' lang='lat' dir='ltr'><strong>addit</strong></span> <span class='ocrx_word' id='word_1_179' title='bbox 882 2372 1061 2422; x_wconf 89' lang='lat' dir='ltr'><strong>ornamenta</strong></span> <span class='ocrx_word' id='word_1_180' title='bbox 1091 2373 1123 2422; x_wconf 90' lang='lat' dir='ltr'><strong>et</strong></span> <span class='ocrx_word' id='word_1_181' title='bbox 1151 2359 1381 2445; x_wconf 77' lang='lat' dir='ltr'><strong>amplitudinem</strong></span> 
     </span>
     <span class='ocr_line' id='line_1_22' title="bbox 291 2455 1381 2544; baseline 0.002 -24"><span class='ocrx_word' id='word_1_182' title='bbox 291 2459 447 2544; x_wconf 86' lang='lat' dir='ltr'><strong>quandam</strong></span> <span class='ocrx_word' id='word_1_183' title='bbox 469 2455 620 2520; x_wconf 84' lang='lat' dir='ltr'><strong>conciliat.</strong></span> <span class='ocrx_word' id='word_1_184' title='bbox 644 2459 753 2541; x_wconf 87' lang='lat' dir='ltr'><strong>quodsi</strong></span> <span class='ocrx_word' id='word_1_185' title='bbox 766 2458 840 2522; x_wconf 88' lang='lat' dir='ltr'><strong>haec</strong></span> <span class='ocrx_word' id='word_1_186' title='bbox 857 2460 1025 2523; x_wconf 87' lang='lat' dir='ltr'><strong>similitudo</strong></span> <span class='ocrx_word' id='word_1_187' title='bbox 1039 2461 1142 2522; x_wconf 89' lang='lat' dir='ltr'><strong>minus</strong></span> <span class='ocrx_word' id='word_1_188' title='bbox 1153 2460 1272 2544; x_wconf 81' lang='lat' dir='ltr'><strong>placet,</strong></span> <span class='ocrx_word' id='word_1_189' title='bbox 1288 2461 1381 2523; x_wconf 88' lang='lat' dir='ltr'><strong>bomo</strong></span> 
     </span>
     <span class='ocr_line' id='line_1_23' title="bbox 290 2558 1380 2645; baseline 0.001 -22"><span class='ocrx_word' id='word_1_190' title='bbox 290 2559 444 2624; x_wconf 87' lang='lat' dir='ltr'><strong>studiosus</strong></span> <span class='ocrx_word' id='word_1_191' title='bbox 466 2558 603 2644; x_wconf 83' lang='lat' dir='ltr'><strong>diligenti</strong></span> <span class='ocrx_word' id='word_1_192' title='bbox 621 2559 836 2643; x_wconf 81' lang='lat' dir='ltr'><strong>patrifamiliae</strong></span> <span class='ocrx_word' id='word_1_193' title='bbox 856 2572 1071 2644; x_wconf 75' lang='lat' dir='ltr'><strong>comparetur,</strong></span> <span class='ocrx_word' id='word_1_194' title='bbox 1093 2562 1157 2645; x_wconf 90' lang='lat' dir='ltr'><strong>qui,</strong></span> <span class='ocrx_word' id='word_1_195' title='bbox 1179 2574 1213 2623; x_wconf 90' lang='lat' dir='ltr'><strong>ut</strong></span> <span class='ocrx_word' id='word_1_196' title='bbox 1227 2561 1278 2624; x_wconf 87' lang='lat' dir='ltr'><strong>ille</strong></span> <span class='ocrx_word' id='word_1_197' title='bbox 1291 2583 1380 2645; x_wconf 86' lang='lat' dir='ltr'><strong>agro-</strong></span> 
     </span>
     <span class='ocr_line' id='line_1_24' title="bbox 293 2659 1381 2742; baseline 0.002 -20"><span class='ocrx_word' id='word_1_198' title='bbox 293 2681 363 2722; x_wconf 88' lang='lat' dir='ltr'><strong>rum</strong></span> <span class='ocrx_word' id='word_1_199' title='bbox 384 2680 508 2722; x_wconf 87' lang='lat' dir='ltr'><strong>suorum</strong></span> <span class='ocrx_word' id='word_1_200' title='bbox 537 2671 704 2742; x_wconf 87' lang='lat' dir='ltr'><strong>proventus</strong></span> <span class='ocrx_word' id='word_1_201' title='bbox 724 2672 755 2723; x_wconf 91' lang='lat' dir='ltr'><strong>et</strong></span> <span class='ocrx_word' id='word_1_202' title='bbox 777 2659 941 2724; x_wconf 87' lang='lat' dir='ltr'><strong>domestica</strong></span> <span class='ocrx_word' id='word_1_203' title='bbox 968 2663 1172 2724; x_wconf 89' lang='lat' dir='ltr'><strong>instrumenta</strong></span> <span class='ocrx_word' id='word_1_204' title='bbox 1196 2663 1227 2723; x_wconf 90' lang='lat' dir='ltr'><strong>in</strong></span> <span class='ocrx_word' id='word_1_205' title='bbox 1258 2662 1381 2724; x_wconf 85' lang='lat' dir='ltr'><strong>horreis</strong></span> 
     </span>
     <span class='ocr_line' id='line_1_25' title="bbox 293 2759 1380 2846; baseline 0 -22"><span class='ocrx_word' id='word_1_206' title='bbox 293 2773 325 2824; x_wconf 84' lang='lat' dir='ltr'><strong>et</strong></span> <span class='ocrx_word' id='word_1_207' title='bbox 341 2763 431 2824; x_wconf 84' lang='lat' dir='ltr'><strong>sertis</strong></span> <span class='ocrx_word' id='word_1_208' title='bbox 450 2759 631 2843; x_wconf 87' lang='lat' dir='ltr'><strong>quibusdam</strong></span> <span class='ocrx_word' id='word_1_209' title='bbox 650 2760 733 2822; x_wconf 90' lang='lat' dir='ltr'><strong>cellis</strong></span> <span class='ocrx_word' id='word_1_210' title='bbox 751 2762 888 2844; x_wconf 87' lang='lat' dir='ltr'><strong>reponit,</strong></span> <span class='ocrx_word' id='word_1_211' title='bbox 911 2773 946 2824; x_wconf 93' lang='lat' dir='ltr'><strong>ut</strong></span> <span class='ocrx_word' id='word_1_212' title='bbox 965 2783 1035 2823; x_wconf 88' lang='lat' dir='ltr'><strong>cum</strong></span> <span class='ocrx_word' id='word_1_213' title='bbox 1055 2783 1129 2824; x_wconf 92' lang='lat' dir='ltr'><strong>usus</strong></span> <span class='ocrx_word' id='word_1_214' title='bbox 1148 2761 1296 2846; x_wconf 84' lang='lat' dir='ltr'><strong>postulat,</strong></span> <span class='ocrx_word' id='word_1_215' title='bbox 1318 2773 1380 2824; x_wconf 79' lang='lat' dir='ltr'><strong>stn-</strong></span> 
     </span>
     <span class='ocr_line' id='line_1_26' title="bbox 289 2855 1380 2946; baseline -0.003 -22"><span class='ocrx_word' id='word_1_216' title='bbox 289 2863 348 2924; x_wconf 91' lang='lat' dir='ltr'><strong>tim</strong></span> <span class='ocrx_word' id='word_1_217' title='bbox 368 2860 408 2922; x_wconf 89' lang='lat' dir='ltr'><strong>ad</strong></span> <span class='ocrx_word' id='word_1_218' title='bbox 431 2882 555 2922; x_wconf 88' lang='lat' dir='ltr'><strong>manum</strong></span> <span class='ocrx_word' id='word_1_219' title='bbox 585 2863 662 2940; x_wconf 89' lang='lat' dir='ltr'><strong>sint,</strong></span> <span class='ocrx_word' id='word_1_220' title='bbox 684 2864 728 2924; x_wconf 89' lang='lat' dir='ltr'><strong>ita</strong></span> <span class='ocrx_word' id='word_1_221' title='bbox 748 2863 830 2945; x_wconf 87' lang='lat' dir='ltr'><strong>ipse,</strong></span> <span class='ocrx_word' id='word_1_222' title='bbox 867 2855 1092 2945; x_wconf 54' lang='lat' dir='ltr'><strong>quicquid&#39;vel</strong></span> <span class='ocrx_word' id='word_1_223' title='bbox 1119 2863 1303 2946; x_wconf 89' lang='lat' dir='ltr'><strong>cogitatione</strong></span> <span class='ocrx_word' id='word_1_224' title='bbox 1330 2860 1380 2924; x_wconf 87' lang='lat' dir='ltr'><strong>vel</strong></span> 
     </span>
     <span class='ocr_line' id='line_1_27' title="bbox 292 2961 1379 3046; baseline -0.003 -22"><span class='ocrx_word' id='word_1_225' title='bbox 292 2962 423 3024; x_wconf 71' lang='lat' dir='ltr'><strong>lentium</strong></span> <span class='ocrx_word' id='word_1_226' title='bbox 443 2961 492 3024; x_wconf 79' lang='lat' dir='ltr'><strong>rel</strong></span> <span class='ocrx_word' id='word_1_227' title='bbox 516 2961 674 3024; x_wconf 89' lang='lat' dir='ltr'><strong>auditione</strong></span> <span class='ocrx_word' id='word_1_228' title='bbox 702 2984 757 3045; x_wconf 89' lang='lat' dir='ltr'><strong>per</strong></span> <span class='ocrx_word' id='word_1_229' title='bbox 779 2983 870 3025; x_wconf 89' lang='lat' dir='ltr'><strong>omne</strong></span> <span class='ocrx_word' id='word_1_230' title='bbox 894 2974 1013 3046; x_wconf 87' lang='lat' dir='ltr'><strong>tempus</strong></span> <span class='ocrx_word' id='word_1_231' title='bbox 1036 2964 1144 3025; x_wconf 83' lang='lat' dir='ltr'><strong>aetatis</strong></span> <span class='ocrx_word' id='word_1_232' title='bbox 1167 2965 1379 3046; x_wconf 80' lang='lat' dir='ltr'><strong>(nequeenim</strong></span> 
     </span>
     <span class='ocr_line' id='line_1_28' title="bbox 288 3060 1379 3146; baseline -0.004 -22"><span class='ocrx_word' id='word_1_233' title='bbox 288 3060 353 3124; x_wconf 90' lang='lat' dir='ltr'><strong>ulla</strong></span> <span class='ocrx_word' id='word_1_234' title='bbox 374 3064 541 3144; x_wconf 86' lang='lat' dir='ltr'><strong>sapientiae</strong></span> <span class='ocrx_word' id='word_1_235' title='bbox 561 3061 664 3124; x_wconf 89' lang='lat' dir='ltr'><strong>studio</strong></span> <span class='ocrx_word' id='word_1_236' title='bbox 685 3074 768 3124; x_wconf 81' lang='lat' dir='ltr'><strong>mete</strong></span> <span class='ocrx_word' id='word_1_237' title='bbox 789 3064 982 3146; x_wconf 84' lang='lat' dir='ltr'><strong>praefigenda</strong></span> <span class='ocrx_word' id='word_1_238' title='bbox 1001 3069 1059 3141; x_wconf 87' lang='lat' dir='ltr'><strong>est)</strong></span> <span class='ocrx_word' id='word_1_239' title='bbox 1080 3073 1261 3125; x_wconf 89' lang='lat' dir='ltr'><strong>consecutus</strong></span> <span class='ocrx_word' id='word_1_240' title='bbox 1278 3063 1379 3138; x_wconf 84' lang='lat' dir='ltr'><strong>fuerit,</strong></span> 
     </span>
     <span class='ocr_line' id='line_1_29' title="bbox 291 3159 1379 3248; baseline -0.005 -22"><span class='ocrx_word' id='word_1_241' title='bbox 291 3163 396 3226; x_wconf 80' lang='lat' dir='ltr'><strong>statius</strong></span> <span class='ocrx_word' id='word_1_242' title='bbox 414 3163 444 3223; x_wconf 92' lang='lat' dir='ltr'><strong>in</strong></span> <span class='ocrx_word' id='word_1_243' title='bbox 463 3161 532 3224; x_wconf 89' lang='lat' dir='ltr'><strong>illas</strong></span> <span class='ocrx_word' id='word_1_244' title='bbox 552 3162 669 3224; x_wconf 90' lang='lat' dir='ltr'><strong>artium</strong></span> <span class='ocrx_word' id='word_1_245' title='bbox 688 3159 808 3241; x_wconf 86' lang='lat' dir='ltr'><strong>classes,</strong></span> <span class='ocrx_word' id='word_1_246' title='bbox 828 3166 854 3225; x_wconf 94' lang='lat' dir='ltr'><strong>si</strong></span> <span class='ocrx_word' id='word_1_247' title='bbox 870 3185 935 3226; x_wconf 88' lang='lat' dir='ltr'><strong>non</strong></span> <span class='ocrx_word' id='word_1_248' title='bbox 954 3165 1035 3248; x_wconf 84' lang='lat' dir='ltr'><strong>stylo</strong></span> <span class='ocrx_word' id='word_1_249' title='bbox 1056 3175 1109 3226; x_wconf 85' lang='lat' dir='ltr'><strong>eut</strong></span> <span class='ocrx_word' id='word_1_250' title='bbox 1127 3163 1255 3241; x_wconf 86' lang='lat' dir='ltr'><strong>calamo,</strong></span> <span class='ocrx_word' id='word_1_251' title='bbox 1271 3160 1379 3223; x_wconf 88' lang='lat' dir='ltr'><strong>saltem</strong></span> 
     </span>
     <span class='ocr_line' id='line_1_30' title="bbox 290 3262 1379 3348; baseline -0.004 -23"><span class='ocrx_word' id='word_1_252' title='bbox 290 3263 393 3325; x_wconf 87' lang='lat' dir='ltr'><strong>animo</strong></span> <span class='ocrx_word' id='word_1_253' title='bbox 413 3274 447 3325; x_wconf 87' lang='lat' dir='ltr'><strong>et</strong></span> <span class='ocrx_word' id='word_1_254' title='bbox 465 3262 679 3326; x_wconf 85' lang='lat' dir='ltr'><strong>recordatione</strong></span> <span class='ocrx_word' id='word_1_255' title='bbox 699 3274 859 3346; x_wconf 71' lang='lat' dir='ltr'><strong>reponat„</strong></span> <span class='ocrx_word' id='word_1_256' title='bbox 878 3276 911 3327; x_wconf 89' lang='lat' dir='ltr'><strong>et</strong></span> <span class='ocrx_word' id='word_1_257' title='bbox 931 3264 972 3326; x_wconf 94' lang='lat' dir='ltr'><strong>ad</strong></span> <span class='ocrx_word' id='word_1_258' title='bbox 995 3266 1115 3348; x_wconf 83' lang='lat' dir='ltr'><strong>regulas</strong></span> <span class='ocrx_word' id='word_1_259' title='bbox 1135 3263 1202 3324; x_wconf 88' lang='lat' dir='ltr'><strong>illas</strong></span> <span class='ocrx_word' id='word_1_260' title='bbox 1226 3285 1244 3324; x_wconf 86' lang='lat' dir='ltr'><strong>a</strong></span> <span class='ocrx_word' id='word_1_261' title='bbox 1264 3263 1379 3324; x_wconf 87' lang='lat' dir='ltr'><strong>doctis.</strong></span> 
     </span>
     <span class='ocr_line' id='line_1_31' title="bbox 290 3362 1380 3446; baseline -0.001 -22"><span class='ocrx_word' id='word_1_262' title='bbox 290 3365 375 3424; x_wconf 86' lang='lat' dir='ltr'><strong>simis</strong></span> <span class='ocrx_word' id='word_1_263' title='bbox 396 3362 573 3426; x_wconf 91' lang='lat' dir='ltr'><strong>bominibus</strong></span> <span class='ocrx_word' id='word_1_264' title='bbox 591 3363 717 3426; x_wconf 88' lang='lat' dir='ltr'><strong>traditas</strong></span> <span class='ocrx_word' id='word_1_265' title='bbox 737 3367 859 3446; x_wconf 84' lang='lat' dir='ltr'><strong>exigat,</strong></span> <span class='ocrx_word' id='word_1_266' title='bbox 883 3364 948 3426; x_wconf 89' lang='lat' dir='ltr'><strong>acri</strong></span> <span class='ocrx_word' id='word_1_267' title='bbox 968 3363 1083 3426; x_wconf 89' lang='lat' dir='ltr'><strong>iudicio</strong></span> <span class='ocrx_word' id='word_1_268' title='bbox 1103 3384 1221 3446; x_wconf 86' lang='lat' dir='ltr'><strong>semper</strong></span> <span class='ocrx_word' id='word_1_269' title='bbox 1238 3365 1380 3445; x_wconf 82' lang='lat' dir='ltr'><strong>interpo-</strong></span> 
     </span>
     <span class='ocr_line' id='line_1_32' title="bbox 290 3458 1381 3548; baseline -0.003 -22"><span class='ocrx_word' id='word_1_270' title='bbox 290 3464 375 3541; x_wconf 88' lang='lat' dir='ltr'><strong>sito,</strong></span> <span class='ocrx_word' id='word_1_271' title='bbox 394 3481 435 3522; x_wconf 90' lang='lat' dir='ltr'><strong>ne</strong></span> <span class='ocrx_word' id='word_1_272' title='bbox 453 3463 539 3544; x_wconf 87' lang='lat' dir='ltr'><strong>quod</strong></span> <span class='ocrx_word' id='word_1_273' title='bbox 561 3466 690 3548; x_wconf 88' lang='lat' dir='ltr'><strong>quisque</strong></span> <span class='ocrx_word' id='word_1_274' title='bbox 708 3464 820 3529; x_wconf 85' lang='lat' dir='ltr'><strong>dixerit</strong></span> <span class='ocrx_word' id='word_1_275' title='bbox 849 3476 903 3527; x_wconf 88' lang='lat' dir='ltr'><strong>aut</strong></span> <span class='ocrx_word' id='word_1_276' title='bbox 928 3458 1085 3548; x_wconf 80' lang='lat' dir='ltr'><strong>scripserit</strong></span> <span class='ocrx_word' id='word_1_277' title='bbox 1115 3475 1169 3525; x_wconf 91' lang='lat' dir='ltr'><strong>aut</strong></span> <span class='ocrx_word' id='word_1_278' title='bbox 1198 3465 1256 3546; x_wconf 90' lang='lat' dir='ltr'><strong>ipsi</strong></span> <span class='ocrx_word' id='word_1_279' title='bbox 1287 3464 1381 3525; x_wconf 87' lang='lat' dir='ltr'><strong>etiam</strong></span> 
     </span>
     <span class='ocr_line' id='line_1_33' title="bbox 291 3563 1383 3648; baseline -0.001 -24"><span class='ocrx_word' id='word_1_280' title='bbox 291 3565 325 3624; x_wconf 93' lang='lat' dir='ltr'><strong>in</strong></span> <span class='ocrx_word' id='word_1_281' title='bbox 347 3573 480 3627; x_wconf 85' lang='lat' dir='ltr'><strong>mentem</strong></span> <span class='ocrx_word' id='word_1_282' title='bbox 501 3566 646 3644; x_wconf 88' lang='lat' dir='ltr'><strong>venerit,</strong></span> <span class='ocrx_word' id='word_1_283' title='bbox 668 3564 827 3627; x_wconf 88' lang='lat' dir='ltr'><strong>oraculum</strong></span> <span class='ocrx_word' id='word_1_284' title='bbox 848 3586 914 3628; x_wconf 87' lang='lat' dir='ltr'><strong>esse</strong></span> <span class='ocrx_word' id='word_1_285' title='bbox 931 3574 1019 3648; x_wconf 86' lang='lat' dir='ltr'><strong>putet</strong></span> <span class='ocrx_word' id='word_1_286' title='bbox 1040 3568 1124 3644; x_wconf 82' lang='lat' dir='ltr'><strong>(nam</strong></span> <span class='ocrx_word' id='word_1_287' title='bbox 1144 3563 1265 3626; x_wconf 90' lang='lat' dir='ltr'><strong>bomini</strong></span> <span class='ocrx_word' id='word_1_288' title='bbox 1286 3563 1383 3626; x_wconf 84' lang='lat' dir='ltr'><strong>docto</strong></span> 
     </span>
     <span class='ocr_line' id='line_1_34' title="bbox 288 3660 1378 3749; baseline -0.005 -24"><span class='ocrx_word' id='word_1_289' title='bbox 288 3663 501 3745; x_wconf 88' lang='lat' dir='ltr'><strong>turpissimum</strong></span> <span class='ocrx_word' id='word_1_290' title='bbox 522 3662 632 3742; x_wconf 86' lang='lat' dir='ltr'><strong>suerit,</strong></span> <span class='ocrx_word' id='word_1_291' title='bbox 651 3673 689 3724; x_wconf 90' lang='lat' dir='ltr'><strong>ut</strong></span> <span class='ocrx_word' id='word_1_292' title='bbox 708 3667 819 3728; x_wconf 88' lang='lat' dir='ltr'><strong>Graeci</strong></span> <span class='ocrx_word' id='word_1_293' title='bbox 840 3664 993 3749; x_wconf 83' lang='lat' dir='ltr'><strong>eleganter</strong></span> <span class='ocrx_word' id='word_1_294' title='bbox 1013 3664 1141 3743; x_wconf 87' lang='lat' dir='ltr'><strong>dicunt,</strong></span> <span class='ocrx_word' id='word_1_295' title='bbox 1161 3660 1378 3742; x_wconf 67' lang='grc' dir='ltr'><strong><em>ἄβασανὼιως</em></strong></span> 
     </span>
     <span class='ocr_line' id='line_1_35' title="bbox 290 3757 1381 3848; baseline -0.006 -22"><span class='ocrx_word' id='word_1_296' title='bbox 290 3759 534 3843; x_wconf 77' lang='grc' dir='ltr'><strong><em>παραδέχεσθαι</em></strong></span> <span class='ocrx_word' id='word_1_297' title='bbox 554 3757 610 3844; x_wconf 77' lang='lat' dir='ltr'><strong>sq&#39;r</strong></span> <span class='ocrx_word' id='word_1_298' title='bbox 636 3763 740 3825; x_wconf 78' lang='grc' dir='ltr'><strong><em>πίστιν</em></strong></span> <span class='ocrx_word' id='word_1_299' title='bbox 766 3767 822 3846; x_wconf 78' lang='grc' dir='ltr'><strong>τῆς</strong></span> <span class='ocrx_word' id='word_1_300' title='bbox 853 3763 1027 3848; x_wconf 71' lang='grc' dir='ltr'><strong><em>ἀληθείας,</em></strong></span> <span class='ocrx_word' id='word_1_301' title='bbox 1059 3766 1117 3827; x_wconf 91' lang='lat' dir='ltr'><strong>boc</strong></span> <span class='ocrx_word' id='word_1_302' title='bbox 1143 3773 1189 3824; x_wconf 88' lang='lat' dir='ltr'><strong>est</strong></span> <span class='ocrx_word' id='word_1_303' title='bbox 1222 3763 1381 3845; x_wconf 87' lang='lat' dir='ltr'><strong>opiniones</strong></span> 
     </span>
     <span class='ocr_line' id='line_1_36' title="bbox 291 3861 1380 3949; baseline -0.002 -26"><span class='ocrx_word' id='word_1_304' title='bbox 291 3861 461 3924; x_wconf 87' lang='lat' dir='ltr'><strong>consectari</strong></span> <span class='ocrx_word' id='word_1_305' title='bbox 486 3861 628 3946; x_wconf 88' lang='lat' dir='ltr'><strong>nudaque</strong></span> <span class='ocrx_word' id='word_1_306' title='bbox 648 3865 828 3928; x_wconf 88' lang='lat' dir='ltr'><strong>auctoritate</strong></span> <span class='ocrx_word' id='word_1_307' title='bbox 849 3867 942 3949; x_wconf 83' lang='lat' dir='ltr'><strong>niti),</strong></span> <span class='ocrx_word' id='word_1_308' title='bbox 964 3865 1017 3928; x_wconf 82' lang='lat' dir='ltr'><strong>sed</strong></span> <span class='ocrx_word' id='word_1_309' title='bbox 1035 3874 1157 3928; x_wconf 87' lang='lat' dir='ltr'><strong>tantum</strong></span> <span class='ocrx_word' id='word_1_310' title='bbox 1179 3863 1289 3944; x_wconf 86' lang='lat' dir='ltr'><strong>cuique</strong></span> <span class='ocrx_word' id='word_1_311' title='bbox 1311 3879 1380 3918; x_wconf 85' lang='lat' dir='ltr'><strong>cre·</strong></span> 
     </span>
     <span class='ocr_line' id='line_1_37' title="bbox 290 3961 1378 4047; baseline -0.005 -25"><span class='ocrx_word' id='word_1_312' title='bbox 290 3961 428 4024; x_wconf 87' lang='lat' dir='ltr'><strong>dendnrn</strong></span> <span class='ocrx_word' id='word_1_313' title='bbox 450 3983 515 4024; x_wconf 88' lang='lat' dir='ltr'><strong>esse</strong></span> <span class='ocrx_word' id='word_1_314' title='bbox 536 3973 669 4043; x_wconf 86' lang='lat' dir='ltr'><strong>statuat,</strong></span> <span class='ocrx_word' id='word_1_315' title='bbox 687 3977 835 4047; x_wconf 89' lang='lat' dir='ltr'><strong>quantum</strong></span> <span class='ocrx_word' id='word_1_316' title='bbox 854 3977 908 4027; x_wconf 89' lang='lat' dir='ltr'><strong>aut</strong></span> <span class='ocrx_word' id='word_1_317' title='bbox 928 3967 1023 4027; x_wconf 83' lang='lat' dir='ltr'><strong>firmis</strong></span> <span class='ocrx_word' id='word_1_318' title='bbox 1044 3963 1211 4025; x_wconf 87' lang='lat' dir='ltr'><strong>rationibus</strong></span> <span class='ocrx_word' id='word_1_319' title='bbox 1232 3970 1285 4022; x_wconf 84' lang='lat' dir='ltr'><strong>aut</strong></span> <span class='ocrx_word' id='word_1_320' title='bbox 1301 3979 1378 4040; x_wconf 86' lang='lat' dir='ltr'><strong>prn-</strong></span> 
     </span>
     <span class='ocr_line' id='line_1_38' title="bbox 292 4060 1380 4147; baseline -0.006 -23"><span class='ocrx_word' id='word_1_321' title='bbox 292 4060 447 4124; x_wconf 88' lang='lat' dir='ltr'><strong>babilibus</strong></span> <span class='ocrx_word' id='word_1_322' title='bbox 466 4063 647 4126; x_wconf 88' lang='lat' dir='ltr'><strong>coniecturis</strong></span> <span class='ocrx_word' id='word_1_323' title='bbox 672 4065 854 4147; x_wconf 87' lang='lat' dir='ltr'><strong>persuadere</strong></span> <span class='ocrx_word' id='word_1_324' title='bbox 875 4067 996 4147; x_wconf 89' lang='lat' dir='ltr'><strong>possit,</strong></span> <span class='ocrx_word' id='word_1_325' title='bbox 1019 4065 1051 4124; x_wconf 92' lang='lat' dir='ltr'><strong>in</strong></span> <span class='ocrx_word' id='word_1_326' title='bbox 1079 4065 1211 4125; x_wconf 88' lang='lat' dir='ltr'><strong>caeteris.</strong></span> <span class='ocrx_word' id='word_1_327' title='bbox 1225 4079 1380 4120; x_wconf 85' lang='lat' dir='ltr'><strong>assensum</strong></span> 
     </span>
     <span class='ocr_line' id='line_1_39' title="bbox 293 4159 1377 4248; baseline -0.004 -24"><span class='ocrx_word' id='word_1_328' title='bbox 293 4159 435 4226; x_wconf 88' lang='lat' dir='ltr'><strong>cohibeat</strong></span> <span class='ocrx_word' id='word_1_329' title='bbox 456 4173 488 4226; x_wconf 91' lang='lat' dir='ltr'><strong>et</strong></span> <span class='ocrx_word' id='word_1_330' title='bbox 509 4164 672 4240; x_wconf 86' lang='lat' dir='ltr'><strong>sustineat,</strong></span> <span class='ocrx_word' id='word_1_331' title='bbox 695 4163 793 4229; x_wconf 89' lang='lat' dir='ltr'><strong>dones</strong></span> <span class='ocrx_word' id='word_1_332' title='bbox 813 4167 912 4248; x_wconf 86' lang='lat' dir='ltr'><strong>ipsum</strong></span> <span class='ocrx_word' id='word_1_333' title='bbox 932 4176 1054 4246; x_wconf 87' lang='lat' dir='ltr'><strong>tempus</strong></span> <span class='ocrx_word' id='word_1_334' title='bbox 1075 4159 1253 4246; x_wconf 86' lang='lat' dir='ltr'><strong>scrupulum</strong></span> <span class='ocrx_word' id='word_1_335' title='bbox 1274 4167 1377 4222; x_wconf 78' lang='lat' dir='ltr'><strong>sustu-</strong></span> 
     </span>
    </p>
   </div>
   <div class='ocr_carea' id='block_1_3' title="bbox 0 0 1514 4892">
    <p class='ocr_par' dir='ltr' id='par_1_3' title="bbox 0 0 1514 4892">
     <span class='ocr_line' id='line_1_40' title="bbox 0 0 1514 4892; baseline 0 0"><span class='ocrx_word' id='word_1_336' title='bbox 0 0 1514 4892; x_wconf 95' lang='lat' dir='ltr'><strong> </strong></span> 
     </span>
    </p>
   </div>
  </div>
 </body>
</html>
