3017 4892
430 315 485 379 nn
512 312 704 380 ιιιιιιυειι
732 313 930 382 couunuo
958 317 1033 382 ιιι.
1054 321 1111 382 ιιι.
1232 286 1309 373 155
1377 335 1379 340 ·

236 464 297 531 τοῦ
316 465 486 531 σουλτάνου
517 470 693 551 παρουσίας
717 466 773 532 καί
792 469 849 532 τοῦ
869 471 1094 553 κεχαρισμένου
1117 472 1174 554 τῆς
1195 470 1312 550 ξενίας,

238 566 414 645 δυναμένου
431 570 601 649 γοητεῦσαι
621 564 854 652 φιλοχρήματον
879 563 1060 653 βάρβαρον·
1082 563 1161 634 άλλά
1182 567 1238 635 καί
1259 567 1310 632 δί-

237 668 295 741 ξαν
310 662 394 750 αὐτῷ
407 666 463 746 τῆς
471 667 634 745 βασιλείας
643 662 678 728 ro*
694 663 820 747 συμβάν
838 656 927 752 ᾤετο.
948 659 1053 732 elassis
1065 665 1170 733 τοίνυν
1185 664 1254 749 ἅμα
1266 667 1311 754 τῷ

235 760 399 848 σουλτάνιρ
417 759 473 845 τὴν
487 765 726 827 Κωνσταντίνου
743 761 1063 847 κηράττειθρίαμβον.
1082 765 1137 831 καί
1147 760 1186 851 ἧν
1197 765 1312 850 adaps-

209 856 299 943 ᾶπῆς
320 857 339 922 ὅ
358 863 528 942 θρίαμβος,
554 857 730 936 καλλίστοις
757 865 813 926 καί
830 862 955 945 τιμήεσι
976 865 1103 939 πέπλοις
1122 867 1313 951 παμφαίνων

236 959 293 1022 καί
324 959 368 1044 τῷ
394 961 450 1021 τοῦ
475 959 594 1040 κόσμου
615 962 780 1023 πολυειδεῖ
805 961 970 1036 δαίδαλος·
1013 963 1067 1026 καί
1085 956 1198 1046 ἤμελλε
1219 966 1310 1045 βασι-

237 1054 313 1130 λεάς
332 1053 387 1119 διά
408 1058 463 1120 sori
483 1056 644 1141 θριάμβου
658 1063 801 1143 προϊέναι
810 1057 890 1144 πρὸς
908 1061 1014 1124 ου’τιδν
1032 1061 1095 1124 τάν
1115 1059 1216 1126 οἰστῶν
1237 1080 1310 1142 κρο-

237 1154 401 1236 τοάμενος,
421 1155 476 1219 καί
495 1158 592 1240 μέρος
611 1149 691 1221 εἶναι
723 1159 778 1241 τῆς
798 1158 869 1221 τότε
889 1159 1085 1245 δορυφορίας
1103 1181 1137 1224 ss
1154 1156 1210 1222 καί
1229 1161 1308 1238 λαμ-

238 1248 391 1336 πρότητος
418 1251 474 1316 καί
489 1257 552 1318 τῶν
571 1251 769 1338 κυδροάντοον
795 1253 851 1319 τάν
871 1256 1087 1342 ου’τοκράτορα
1109 1255 1165 1322 καί
1182 1254 1311 1320 σουλτά-

194 1375 288 1428 ισνος
306 1349 403 1425 αάτός
424 1347 608 1436 ἕπιπσριιάν.
649 1351 725 1427 θεὸς
743 1355 773 1417 δ’
793 1355 937 1438 ἠκύρωσε
958 1351 998 1418 τά
1015 1357 1071 1439 τῆς
1090 1353 1210 1439 ἡμέρας
1231 1353 1388 1457 ἐκεί-ΜΒ

238 1471 293 1532 νφς
319 1450 464 1532 λαμπρά·
516 1445 538 1534 ἥ
558 1472 593 1514 τε
612 1449 672 1535 γάρ
699 1454 739 1534 μῆ
758 1456 944 1536 κλονηθείσα
962 1453 1081 1528 πολλάς
1097 1452 1312 1550 κατεβεββήκει

237 1544 459 1631 λαμπροτάτας
480 1548 633 1632 οἰκήσεις,
651 1551 705 1614 καί
718 1547 737 1613 δ
749 1543 811 1634 άὴρ
833 1553 1020 1636 ταραχώδης
1038 1545 1078 1638 ἦν
1096 1553 1238 1626 ἐπιεικῶς
1258 1552 1313 1615 καί

238 1641 417 1726 ἄνοι’μαλος,
440 1645 496 1711 καί
517 1647 598 1730 ἕτερ’
619 1639 696 1712 άττα
717 1648 933 1732 ἕπισυμβάντα
955 1650 1087 1732 desitura
1107 1653 1251 1730 ἐκείνοις,
1272 1651 1313 1713 ου’
1413 1713 1418 1722 ,

237 1742 410 1830 θριάμβοις
429 1746 593 1828 η’ναγκάκει
613 1748 781 1829 προσέχειν
809 1745 864 1812 τὸν
883 1749 976 1831 νοῦν,
995 1747 1051 1814 καί
1068 1748 1104 1813 τὸ
1129 1751 1185 1832 τῆς
1203 1747 1312 1830 ψυχῆς

193 1839 387 1924 ‚staupum
407 1839 612 1926 λογιζόμενον.
653 1841 793 1929 ἔφασκον
814 1848 850 1910 δὲ
871 1845 926 1912 καί
942 1848 972 1912 οἱ
992 1852 1050 1912 τοῦ
1068 1850 1159 1912 θείου
1180 1843 1239 1910 νεώ
1259 1845 1314 1910 καί

236 1943 295 2008 τοῦ
313 1941 451 2026 βήματος
470 1939 617 2028 ἔντροφοι
636 1941 691 2006 καί
706 1941 804 2020 αδτός
828 1941 995 2025 βασιλεύς,
1018 1939 1077 2008 osis
1100 1942 1224 2027 α’χαθάς
1240 1949 1313 2030 κλῃ-

239 2038 332 2117 δόνας
353 2035 517 2122 δεχόμενος
536 2040 574 2104 τά
594 2038 759 2123 λεγόμενα,
779 2042 901 2125 μηνίειν
912 2042 946 2108 τὸ
962 2047 1050 2118 θείαν
1066 2045 1123 2108 καί
1141 2044 1217 2126 μηδ’
1234 2036 1313 2117 ὅλως

238 2142 412 2222 α’νὲχεσθαι
429 2139 604 2224 προκάιμειν
616 2141 661 2216 είς
671 2139 831 2223 θρίαμβον
849 2138 893 2223 μή
909 2141 1089 2223 θεοσεβείας
1102 2132 1203 2225 ἄνδρα
1221 2163 1315 2222 μετε-

239 2234 387 2322 σχηκότα,
404 2235 440 2300 δν
457 2241 629 2320 κοσμοῦσιν
645 2235 761 2302 ἔπιπλα
777 2240 902 2322 παναγῆ
917 2236 1215 2322 astipulavimus
1237 2241 1312 2304 διει-

191 2336 360 2422 πολήφασι
371 2339 424 2400 καί
433 2334 596 2421 χαρακτὴρ
609 2337 795 2420 καθαμιάζει
810 2339 964 2421 Χριστοῦ.
981 2339 1037 2402 καί
1054 2333 1136 2403 οὗτοι
1145 2341 1204 2420 μὲν
1215 2339 1313 2404 είκαί-

240 2459 284 2512 ως
298 2430 315 2496 ὃ
329 2432 486 2520 θρίαμβος
500 2437 695 2518 ε’σχεδίαστο,
710 2435 864 2520 μηδαμῶς
882 2435 970 2524 αὐτῷ
987 2437 1234 2524 προσεσχηκότος
1253 2439 1340 2514 sosip

239 2531 478 2618 ου’τοκράταρος,
491 2534 560 2598 οὐδ’
572 2536 605 2610 ἐς
625 2529 697 2600 ὅσον
711 2531 744 2599 τά
763 2530 836 2610 ἔθος
854 2533 1115 2622 ἀφοσιώσασθαι·
1137 2536 1183 2610 εἰς
1205 2533 1311 2601 ίκανόν

240 2634 275 2697 di
301 2629 503 2708 δσουλτάνος
532 2635 576 2722 τῷ
603 2637 731 2716 βασιλεῖ
757 2633 959 2719 συνδιέτριψε
978 2635 1115 2719 χρόνον,
1137 2634 1192 2700 καί
1208 2634 1312 2699 ἵππων

317 2809 337 2844 ι.
355 2789 475 2847 σουλιάν
489 2797 646 2863 παρρησίας
669 2795 701 2846 Α.
809 2795 833 2863 l.
852 2783 974 2849 οουλτάν
991 2796 1027 2860 Δ,
1045 2811 1134 2865 neque
1153 2811 1265 2864 usquam
1283 2794 1313 2846 id

313 2878 410 2915 nomen
427 2862 518 2915 flectit
633 2864 928 2921 κυνοταντινοάπολιν
944 2868 975 2917 Δ.
1095 2881 1132 2915 ιι.
1150 2866 1313 2938 ἐπικαταμε-

311 2936 405 3001 βλὴκει
423 2936 446 2985 λ,
464 2932 631 3002 οἰκοδομίας
645 2937 677 2986 λ.
744 2939 782 2988 ι5.
800 2936 830 2988 οδ
845 2937 897 2989 τοῦ
917 2935 956 3008 θλ
972 2932 1129 3006 ἀρχιερέων
1144 2933 1312 3006 ίνίρικοιλ.

314 3023 352 3074 sp.
371 3000 535 3078 δεχόμενος]
555 3004 624 3057 sisso
643 3001 678 3058 τά
696 3002 828 3077 δρδμτνα
846 3009 875 3058 Α.
1058 3024 1061 3030 ·

242 3128 325 3183 modo
343 3131 423 3182 rebus
444 3131 563 3183 Orientis
584 3131 768 3186 consulturum
787 3139 815 3186 et
830 3149 909 3184 avaro
927 3131 1041 3185 barbaro
1063 3131 1174 3201 hospitii
1192 3130 1314 3184 liberali-

243 3209 300 3254 sate
321 3200 411 3253 fucum
430 3217 488 3254 esse
505 3203 636 3255 iacturum
646 3241 654 3266 ,
672 3207 720 3255 sed
741 3221 774 3256 ea
790 3220 823 3255 eo
840 3220 902 3256 casu
922 3203 1033 3270 gloriam
1051 3217 1161 3284 quoque
1181 3203 1313 3270 sperabat.

244 3271 350 3340 cpolim
379 3272 462 3340 igitur
485 3289 539 3324 una
565 3289 626 3324 suns
651 3272 699 3326 illo
723 3275 857 3344 ingressus
885 3272 1050 3341 triumphum
1066 3270 1170 3323 indicit.
1187 3272 1234 3340 qui
1252 3289 1311 3325 cum

243 3343 381 3410 eleganter
399 3344 544 3395 instructus
561 3345 689 3412 pretiosis
695 3343 816 3396 vestibus
828 3352 856 3396 ot
872 3351 1092 3395 ornamentorum
1108 3341 1238 3394 varietata
1256 3343 1313 3395 ool-

242 3411 362 3475 lnceret‚
385 3421 467 3482 atque
490 3415 637 3483 imperator
660 3432 720 3465 cum
746 3415 878 3484 applausu
900 3421 928 3464 st
944 3412 1183 3465 acclamationibus
1200 3412 1312 3478 civium,

242 3481 360 3535 adducto
382 3500 435 3535 una
451 3483 583 3550 Sullano,
601 3485 649 3554 qui
668 3485 739 3536 inter
767 3493 886 3537 caeteros
906 3498 1030 3552 proceres
1048 3483 1221 3535 festivitatem
1237 3483 1313 3536 illam

239 3553 418 3605 celebriorem
444 3553 582 3618 redderet,
611 3554 767 3624 proditurus
785 3563 872 3616 esset,
890 3553 957 3605 deus
975 3553 1049 3606 illius
1066 3553 1120 3605 diei
1141 3552 1312 3624 splendorem

241 3623 309 3676 iecit
326 3625 440 3676 irritum.
458 3641 520 3676 nam
535 3633 623 3676 tarrae
639 3633 715 3677 motu
732 3625 835 3677 multas
852 3623 1086 3693 splendidissimae
1103 3623 1184 3676 aedes
1205 3641 1313 3678 corrue-

242 3702 321 3759 runt3
341 3702 369 3745 ot
384 3696 454 3746 aeris
471 3696 645 3766 intemperies
669 3712 701 3746 ac
726 3695 812 3764 caligo
834 3703 862 3748 et
885 3695 932 3746 alii
955 3694 1064 3765 quidam
1080 3704 1196 3748 terrores
1222 3703 1313 3748 aestu·

242 3771 319 3816 antes
338 3764 477 3816 homiuum
499 3767 602 3817 animos
625 3784 641 3817 a
665 3765 810 3836 triumphis
834 3765 862 3817 in
893 3781 921 3818 ιο
937 3765 1137 3821 convertebant.
1156 3763 1266 3818 aiebant
1284 3772 1314 3818 et

241 3850 332 3886 sacrae
356 3834 431 3886 aedis
457 3837 591 3890 antistites
611 3835 673 3906 (nee
689 3837 747 3904 ipse
772 3837 917 3904 imperator
941 3837 1020 3889 aliter
1036 3853 1067 3890 oa
1087 3837 1177 3888 omina
1197 3836 1313 3906 accipie-

241 3904 301 3973 bat)
318 3906 396 3957 irasci
428 3905 521 3969 deum,
543 3923 634 3976 nequa
657 3907 728 3958 sella
745 3914 777 3957 ut
795 3906 875 3957 homo
893 3907 990 3976 impius
1008 3924 1069 3960 eum
1088 3905 1253 3976 triumphum
1270 3906 1312 3958 in-

240 3982 377 4038 tueretur,
404 3992 485 4044 quem
504 3979 682 4030 instrumenta
704 3977 881 4029 sacratissima
902 3985 929 4028 et
946 3977 1068 4030 divorum
1085 3978 1214 4046 imagines
1231 3992 1313 4028 orua-

242 4053 304 4098 rent
323 4053 351 4097 et
370 4045 470 4098 Christi
494 4047 597 4115 signnm
624 4055 797 4100 consecraret
816 4049 854 4099 sia
871 4047 1022 4118 triumphus
1039 4050 1136 4100 frustra
1154 4055 1195 4099 eat
1213 4049 1314 4098 instru-

242 4123 317 4177 ctus,
342 4123 371 4167 et
388 4115 423 4166 ab
442 4118 500 4185 ipso
521 4119 683 4187 imperatore
699 4120 738 4179 ita
754 4118 892 4186 neglectus
913 4127 944 4170 ut
961 4136 1011 4170 nec
1028 4127 1150 4188 receptos
1168 4124 1313 4168 consuetu-

244 4183 303 4242 dini
319 4185 493 4243 satisfaceret.
517 4189 645 4244 Sultsnus
662 4205 725 4246 sero
750 4205 805 4244 non
822 4205 903 4260 passo
923 4198 1042 4261 tempore
1062 4205 1122 4244 eum
1143 4203 1175 4240 eo
1194 4202 1314 4242 commo-
