3017 4892
282 281 368 371 816
600 306 775 373 arcana
803 302 1038 372 ancarana

279 454 412 544 ἑκάτερα
428 458 472 546 πῇ
494 458 531 521 δὲ
557 452 695 538 θάτερον
722 453 807 537 παρά
839 454 973 538 θάτερον
995 458 1244 523 ε’πεισπίπτοντο.
1290 453 1396 520 Σπά-

279 562 339 622 θαι
358 582 393 621 τε
414 554 476 641 γάρ
498 553 540 619 τά
560 558 594 623 ἐν
616 554 708 619 ποσίν
725 552 868 628 ἐπιόντες
888 552 1007 637 ἔκειρον
1027 560 1086 619 καί
1099 578 1190 630 τινας
1207 554 1276 619 τάν
1296 556 1394 618 κάλ-

281 661 329 720 λει
360 658 542 741 ιλιαπρεπάν
564 653 776 735 αἰχμαλώτων
809 648 891 731 μετά
915 656 1112 737 μαστίγωσον
1143 662 1211 729 τοῖς
1243 649 1394 717 ἑαυτῶν

283 854 494 919 ἐπαναστάσει
512 852 684 934 Ῥωμαίων
704 852 760 917 καί
780 855 822 940 τῷ
842 850 921 935 πρός
941 855 1075 917 Σκυθῶν
1099 852 1279 937 ἡττηθῆναι
1300 856 1419 920 δια-5

188 972 216 1025 Ρ.
224 970 275 1043 398
284 950 448 1036 πριάμενοι
478 949 571 1016 οάόὲν
598 950 725 1017 ἔλαττον
749 953 935 1033 Ῥωμαίους
961 950 1084 1037 ἐδῄουν.
1127 954 1233 1027 ου’όείς
1260 958 1388 1015 τοίνυν

283 1052 377 1127 τόπος
401 1049 511 1130 στάζων
532 1045 571 1134 ἢν
591 1049 647 1115 καί
665 1049 896 1136 λυτρούμενος,
922 1050 1055 1134 ἤπειρον
1074 1054 1133 1133 μὲν
1153 1053 1257 1115 κακῶν
1279 1053 1388 1115 ἀπεί-

284 1176 349 1237 ρων
365 1146 545 1234 πληθούσης
566 1150 622 1213 καί
639 1152 704 1215 τοόν
726 1152 879 1234 άλεθρίων
907 1143 1002 1233 οόσης
1029 1152 1278 1235 όλεθριωτόρας,
1312 1174 1386 1231 μοι

283 1246 440 1332 νοκρότων
459 1252 495 1313 di
514 1252 646 1335 σκαφῶν
665 1252 736 1313 καθ’
756 1244 819 1313 ἀλα
844 1247 1074 1332 περιπλεόντων
1097 1252 1276 1315 Λατιντκοῦ
1295 1273 1384 1313 συν-

283 1349 450 1431 τάγματος,
473 1348 596 1439 ληστείρι
616 1370 650 1412 τε
671 1348 725 1413 καί
739 1350 902 1437 πειρατείηι
922 1350 1024 1422 κακῶς
1044 1349 1195 1414 τιθέντων
1215 1344 1250 1413 τὸ
1274 1343 1381 1412 ὅθεν·
1396 1377 1431 1418 ro

285 1450 342 1511 οὖν
371 1443 573 1531 ἀναγόμενον.
625 1442 641 1507 ό
666 1448 702 1512 di
729 1444 871 1530 Ἰωάννης
897 1454 968 1521 ταῖς
992 1446 1145 1536 Θρηικίαις
1173 1445 1217 1530 μὴ
1249 1448 1381 1530 ἐμβρα-

286 1545 382 1621 όάνας
402 1544 530 1612 πόλεσιν
552 1548 586 1622 ἒς
606 1547 838 1632 Θεσσαλονίκην
859 1547 960 1627 ἵεται,
981 1546 1062 1629 πρός
1078 1544 1113 1610 τό
1133 1547 1245 1611 δοκοῦν
1264 1543 1379 1634 ἐκείνην

283 1641 325 1709 τά
356 1646 455 1709 ἐκεῖσε
477 1641 742 1729 καταστησόμενος
765 1641 961 1727 πράγματα,
987 1647 1043 1709 καί
1069 1643 1129 1719 τός
1157 1641 1263 1721 πόλεις
1292 1645 1380 1708 ἀπο-

286 1740 408 1827 στήσων
430 1744 493 1807 τάν
515 1742 666 1809 Λατίνων
684 1748 738 1807 καί
757 1739 974 1829 μεθαρμόσων
991 1740 1069 1825 πρὸς
1090 1738 1212 1808 ἑαυτόν.
1256 1736 1379 1807 οὖνοῦν

287 1843 462 1929 ἀφιγμένος
482 1844 528 1917 εἷς
547 1847 669 1927 Σάρρας
687 1841 770 1925 μετά
791 1847 852 1908 τῶν
877 1847 977 1908 ἐκεῖσε
998 1844 1147 1907 Λατίνων
1174 1841 1426 1925 σορρήγνυσιῶ

286 1940 440 2023 πόλεμον,
464 1945 519 2006 καί
536 1947 612 2022 μεθ’
632 1941 776 2023 αἱμάτων
798 1940 919 2027 ῥεόσεις
941 1942 1058 2017 πολλάς
1075 1940 1131 2006 καί
1147 1940 1267 2005 τούτων
1285 1966 1378 2024 νικη-

286 2040 343 2125 τὴς
361 2040 594 2106 ἀναδείκνυται.
638 2040 668 2105 οἱ
689 2040 751 2125 γάρ
773 2050 906 2107 Λατῖνοι
931 2045 977 2129 τῷ
1005 2048 1149 2127 σφετέρῳ
1178 2063 1215 2104 τε
1250 2040 1384 2121 ἀκριβεῖ

287 2138 365 2225 πρός
386 2137 442 2215 τάς
463 2138 570 2222 μάχας
593 2143 648 2205 καί
666 2143 710 2230 τῷ
728 2146 784 2223 τῆς
805 2140 999 2224 αότεμβολῆς
1019 2136 1133 2228 ἑτοιμιρ
1153 2136 1207 2204 τόν
1227 2136 1379 2223 Ἰωάννην

257 2238 454 2319 Βόεξάμενοι
478 2240 611 2315 πολλοὺς
628 2243 689 2304 τάν
709 2237 762 2303 ἀπ’
783 2237 882 2305 αάτόν
902 2244 1113 2323 κατέτρωσαν·
1150 2244 1220 2321 μετ’
1239 2238 1279 2301 ori
1292 2238 1375 2301 πολά

286 2340 322 2402 δὲ
351 2335 485 2422 ἡττηθὲν
512 2336 546 2403 τό
576 2337 751 2404 Λατινικόν
779 2338 836 2402 καί
864 2337 944 2422 πρός
972 2338 1029 2421 την
1052 2323 1144 2403 πόλιν
1171 2337 1230 2413 τάς
1251 2341 1422 2421 Σίρραςνο

284 2432 482 2521 τραπόμενον
504 2436 561 2498 otiu
582 2434 667 2522 ε”ςιθη
688 2441 868 2521 συγκλεῖσαι
890 2434 949 2513 τάς
967 2440 1103 2520 Σάρρας,
1126 2436 1181 2501 κατ’
1204 2433 1281 2501 εἴσω
1311 2440 1375 2499 τάν

284 2536 456 2615 τειχισμάν
477 2541 754 2599 συνεισπίπτουσιν
776 2534 806 2599 ot
828 2538 890 2601 τιόν
911 2536 1092 2621 φευγόντων
1113 2537 1214 2599 όπίσω
1235 2532 1374 2620 φερόμε-

282 2656 332 2699 νοι
363 2632 488 2714 Βλάχοι
520 2656 554 2699 τε
587 2633 643 2698 καί
668 2632 839 2715 Ῥωμαῖοι.
883 2639 940 2699 καί
967 2630 1067 2709 οάτως
1095 2635 1116 2718 ἦ
1143 2634 1232 2709 πόλις
1258 2630 1370 2714 εἴχετο.

283 2724 349 2799 εἶτα
370 2731 389 2817 ἦ
409 2732 468 2814 μὲν
487 2725 528 2818 ἦν
547 2736 583 2799 ἐν
603 2734 682 2820 πυρί
699 2733 753 2799 κατ’
772 2737 812 2821 τῇ
832 2734 896 2800 τάν
916 2738 1032 2819 τειχῶν
1049 2738 1255 2821 καθαιρέσει,
1276 2731 1312 2797 τό
1336 2734 1371 2798 δὲ

353 2934 379 2990 ε
397 2934 448 3008 περ]
466 2926 498 2989 ιε
520 2935 606 2989 arw.

287 3119 414 3184 itabant,
435 3128 463 3174 et
480 3120 586 3192 aliquot
605 3124 690 3175 sorana
710 3123 875 3175 excellentes
894 3122 1015 3192 captivos
1038 3128 1102 3191 post
1126 3117 1209 3189 flagra
1230 3134 1370 3189 auapensoa

287 3194 343 3243 ania
370 3190 548 3245 daemonibus
573 3195 764 3258 immolahaut3
792 3203 821 3245 et
846 3194 937 3245 Latini
963 3183 1142 3244 llomanorum
1168 3191 1322 3243 defectione
1345 3199 1370 3241 et

287 3262 447 3328 Scytharum
468 3264 502 3315 da
520 3281 548 3315 se
566 3265 679 3318 victoria
698 3264 860 3316 inflammati
877 3264 966 3314 nihilo
986 3266 1073 3315 accius
1094 3264 1123 3313 in
1139 3272 1246 3313 nostros
1265 3263 1371 3312 ferroet

284 3332 342 3399 igni
363 3334 559 3401 grassabantur.
580 3352 632 3387 aec
653 3336 725 3386 rrlluc
745 3336 821 3386 locus
840 3344 898 3386 erat
922 3334 969 3403 qui
996 3334 1127 3384 auxilium
1148 3341 1176 3383 et
1196 3332 1311 3382 salutem
1330 3332 1370 3381 al-

289 3402 361 3455 [τετε
379 3415 487 3472 posset,
519 3421 579 3457 cum
601 3415 672 3458 terra
695 3408 836 3457 continent
864 3406 943 3457 malis
968 3404 1082 3455 infinitis
1107 3403 1289 3462 redundaret,
1315 3402 1369 3471 ipsa

284 3474 407 3541 pernicie
426 3478 619 3545 perniciosior;
640 3486 667 3527 et
686 3476 844 3527 Latinorum
861 3477 992 3545 piraticae
1005 3491 1086 3526 nares
1099 3491 1171 3525 nrare
1188 3482 1369 3543 pervagantes,

284 3544 418 3663 pnicquid
437 3562 451 3596 e
470 3556 551 3615 portu
570 3548 753 3616 undecunque
775 3548 907 3609 aolveret,
925 3546 996 3596 male
1020 3552 1176 3597 tractarent.
1195 3553 1223 3594 at
1239 3543 1369 3594 lohannes

310 3613 408 3665 laraciia
429 3618 544 3668 urbibus
564 3634 619 3669 non
639 3620 797 3668 immoratur
815 3616 1038 3668 Thessalonicam
1053 3622 1194 3685 properat,
1214 3623 1246 3664 ut
1265 3630 1314 3664 suo
1330 3631 1369 3663 ar-

283 3682 386 3734 bitratu
405 3688 572 3752 provinciana
594 3689 668 3739 illam
691 3689 871 3739 constitueret
888 3696 915 3740 et
935 3688 1016 3738 urbes
1041 3705 1056 3738 a
1076 3686 1180 3737 Latinio
1198 3684 1302 3736 avulsas
1320 3683 1369 3735 sibi

282 3748 449 3805 vendicaret.
468 3760 551 3825 igitur
570 3756 661 3811 Serras
682 3759 820 3828 profectur
838 3774 899 3809 cum
917 3759 1019 3809 Latinio
1038 3758 1086 3827 qui
1106 3757 1146 3807 ibi
1165 3764 1242 3807 erant
1260 3771 1368 3825 pugnarn

283 3824 439 3886 committit,
460 3836 488 3878 at
507 3844 552 3880 eoa
572 3844 699 3899 quoquc,
718 3829 767 3880 aed
785 3837 897 3885 cruenta
920 3829 1035 3880 victoria
1055 3835 1180 3896 cuperat:
1206 3843 1270 3877 narn
1287 3825 1367 3876 Latini

283 3903 313 3947 et
331 3894 475 3963 disciplina
494 3898 605 3951 militari
625 3902 689 3953 fruti
708 3910 737 3952 ct
762 3900 875 3963 Iohanni
900 3899 1008 3951 fortiter
1026 3896 1134 3949 obuiam
1153 3898 1251 3966 egressi
1277 3896 1367 3947 multoe

285 3966 343 4017 eiua
363 3966 461 4017 milites
479 3968 663 4023 caeciderunt.
682 3971 729 4022 aed
748 3988 806 4023 non
823 3970 910 4021 multo
934 3978 1075 4040 postcom
1093 3969 1160 4019 victi
1176 3978 1204 4019 et
1223 3965 1259 4017 ad
1282 3966 1366 4017 urbem

283 4036 377 4089 Serrai
395 4038 517 4089 conversi
537 4049 644 4104 essent,
671 4050 817 4110 antequam
842 4048 933 4111 portaa
960 4038 1136 4102 clauderent,
1160 4037 1254 4089 Blachi
1278 4046 1306 4087 et
1321 4038 1367 4087 lio·

282 4108 373 4170 anani,
395 4108 444 4177 qui
461 4108 629 4177 ‘largientibus
651 4112 808 4176 instabant,
835 4128 889 4161 una
910 4110 1075 4180 irruperunt.
1094 4110 1160 4161 urba
1187 4110 1227 4161 ita
1244 4116 1319 4177 capta
1340 4113 1367 4155 et

283 4175 395 4233 incauta
412 4186 454 4233 est
480 4188 509 4233 et
534 4182 642 4235 moenia
670 4183 778 4251 diruta,
805 4184 856 4253 qui
880 4180 1067 4253 comprehensi
1094 4182 1193 4246 fuere,
1219 4177 1328 4231 abducti
1340 4181 1366 4228 et
