3017 4892
290 289 349 376 '7⁰
610 277 784 345 usensis
812 275 1048 342 cnouurue

378 463 405 504 a.
450 436 558 510 Θίσας
588 425 647 496 οὖν
666 429 707 496 τὰ
736 423 987 513 ῶναγορευτήρια
1006 426 1073 513 θεῷ
1094 423 1150 488 καί
1165 419 1376 506 ε’πιβατήρια,

198 544 200 552 '
293 542 459 607 σκίπτεται
485 534 558 618 περί
584 533 640 596 τοῦ
673 528 731 595 τὸν
751 523 980 613 πατριαρχικὸν
1000 524 1239 609 κληρωσομίνου
1262 520 1378 606 θρόνον

293 643 349 702 καί
366 635 439 710 τούς
459 637 516 716 τῆς
538 632 701 715 ἐκκλησίας
720 630 942 711 χειρισομίνου
958 623 1066 698 οἴακας
1084 626 1140 687 καί
1157 617 1380 694 ταινιῶσοντος

295 735 393 802 αιῖτὸν
428 733 482 798 ἐπί
512 728 571 795 νεῶ
606 732 716 814 κυρίου
734 729 780 815 τῷ
800 725 1054 810 αὐτοκρατορικηῖ
1076 719 1318 808 στεφανώματι·
1359 715 1377 780 ὁ

294 836 357 919 γὰρ
379 836 527 915 Στνπτιής
550 830 644 895 Λέων
673 823 858 912 bardenei}
886 820 1066 909 α’νθρῶπων
1085 824 1215 906 ἐγένετο.
1257 821 1410 886 κοινοῦ-5

292 959 347 1000 ται
370 927 427 997 οὖν
446 930 487 996 τοὶ
520 932 577 1012 τής
595 923 718 1010 γνῶμης
739 934 805 1000 τοῖς
829 927 864 988 ἐκ
883 924 939 987 τοῦ
961 924 1036 986 καθ’
1056 917 1136 1004 αἷμά
1161 917 1191 984 oi
1212 913 1382 999 σεμνῶμα·

264 1046 345 1109 Βτος
364 1027 543 1117 προύχουσι
570 1029 625 1092 καί
655 1033 720 1100 τοῖς
743 1026 779 1090 ἐκ
808 1028 865 1107 τῆς
899 1021 1072 1106 συγκλήτου
1103 1022 1220 1102 βουλῆς
1238 1021 1293 1081 καί
1311 1011 1383 1080 ὅσοι

294 1137 352 1200 τοῦ
371 1131 510 1213 βήματος
541 1125 707 1211 ἔντροφοι,
735 1124 791 1188 καί
809 1126 932 1188 πολλῶν
959 1124 1004 1197 είς
1026 1120 1083 1205 τήν
1102 1117 1251 1202 μεγίστην
1272 1117 1381 1200 α’ρχιε·

296 1234 426 1316 ρατείαν
448 1229 675 1312 ἐγκρινομένων
688 1224 707 1307 η“
720 1227 838 1288 νικῶσα
857 1226 965 1307 ψῆφος
985 1219 1040 1286 καί
1056 1221 1120 1284 τῶν
1140 1215 1288 1282 ἁπάντων
1305 1238 1383 1298 σχε-

298 1331 354 1397 δὸν
374 1327 453 1413 πρὸς
473 1325 529 1391 τὸν
550 1323 612 1388 cinti
635 1325 692 1406 τής
712 1327 812 1405 μονής
833 1327 887 1406 τῆς
908 1323 1024 1399 Ὀξείας
1045 1318 1133 1406 ῥέπει
1153 1315 1293 1400 μοναχὸν
1314 1320 1383 1383 Μι·
1396 1345 1437 1384 ro

296 1425 400 1513 χαήλ·
453 1419 543 1498 οὗτος
569 1421 631 1506 γάρ
652 1425 709 1486 καί
727 1422 826 1509 α’ρετῇ
845 1418 1043 1503 περιώνυμος
1063 1411 1105 1503 ήν
1123 1415 1179 1482 καί
1199 1417 1254 1501 τής
1273 1416 1383 1502 ἡμετέ-

299 1551 358 1614 ρας
378 1528 411 1591 ἒν
431 1529 558 1606 μεθέξει
587 1518 796 1597 παιδεύσεως.
836 1523 1027 1605 προβληθείς
1048 1513 1104 1584 οὖν
1130 1514 1147 1580 ὅ
1169 1515 1304 1601 Μιχαήλ
1322 1541 1385 1580 πα-

298 1625 453 1712 τριάρχης
474 1626 506 1700 ἐξ
532 1625 628 1706 αιλτής
648 1619 701 1686 τὸν
720 1625 878 1704 χρίσαντα
897 1622 983 1702 χρίει
1001 1616 1042 1714 τὰ
1063 1616 1135 1703 ἱερὰ
1157 1615 1385 1703 ἕσαφικόμενσν

298 1729 453 1808 μέλαθρα.
495 1725 665 1804 συμβαίνει
685 1721 721 1784 δὲ
742 1721 786 1805 τῷ
806 1723 934 1801 βασιλεῖ
951 1721 1007 1782 καί
1026 1715 1043 1782 ὅ
1066 1715 1205 1802 ἀδελφὸς
1224 1712 1384 1794 Ἰσαοὶκιος,

300 1824 355 1888 καί
382 1823 462 1908 ὑπὲρ
499 1819 590 1899 δόξαν
615 1819 675 1904 τήν
703 1823 766 1885 τῶν
792 1823 915 1882 πολλῶν
941 1818 1142 1884 turritum
1169 1815 1318 1900 ιίλλήλοιν
1338 1812 1383 1879 τῶ
1400 1809 1441 1869 ¹5

298 1918 429 2007 αδελφοί
462 1919 520 2003 τήν
547 1913 682 1984 εὔνοιαν.
731 1909 771 2003 ἦν
801 1919 837 1982 δὲ
867 1917 885 1980 ὅ
910 1913 1062 1994 Ἰσαῶκιος
1091 1913 1146 1981 διὰ
1167 1913 1202 1980 τό
1226 1914 1272 1989 εἷς
1289 1915 1387 1996 χόλον

301 2024 497 2101 εὗίμπτωτον
526 2020 581 2082 καί
610 2017 646 2081 τὸ
673 2021 707 2082 ἐκ
736 2019 853 2101 μικρᾶς
880 2016 1027 2092 πολλάκις
1058 2015 1163 2090 αι’τίας
1190 2016 1223 2089 ἐς
1246 2012 1387 2086 κολάσεις

299 2117 494 2202 ὑπερόγκους
521 2115 780 2201 διαρριπίζεσθαι
804 2113 1041 2200 δυσξήμβλητος
1060 2122 1125 2191 τοῖς
1145 2120 1277 2188 πολλοῖς.
1301 2109 1388 2197 ἔτρε-

302 2241 342 2305 φε
363 2221 398 2282 cli
419 2219 473 2281 καί
501 2213 534 2279 τὰ
556 2217 716 2300 ψοφοδεὲς
742 2218 885 2298 α’γεννίς,
909 2213 965 2278 καί
983 2217 1083 2279 ταῦτα
1105 2216 1227 2298 τηλίκος
1247 2204 1314 2292 ῶν,
1334 2209 1390 2273 καί

302 2313 455 2400 α’νῶροὶσιν
477 2313 635 2396 α’νόμοιον.
685 2305 726 2397 ήν
747 2306 804 2378 σῶν
824 2312 841 2377 ὅ
865 2311 1091 2394 βασιλείτατος
1111 2314 1252 2396 Ἰωάννης
1276 2310 1385 2374 tirou·
1398 2335 1445 2374 ao

274 2434 359 2483 tlrou
383 2410 485 2497 πατήρ
514 2412 568 2476 καί
598 2410 678 2476 κατὰ
709 2417 802 2477 τοῦτο
831 2412 919 2496 παραΙ
947 2416 1027 2476 πᾶσι
1046 2408 1239 2495 μακαριστῶς
1259 2408 1314 2474 καί
1331 2412 1387 2492 τής

304 2517 450 2594 α’σιίίμου
479 2509 594 2594 λήξεως
626 2514 682 2576 καί
699 2513 743 2576 δι’
762 2506 912 2597 εὗφήμου
933 2514 1072 2597 κείμενος
1092 2508 1236 2595 μνήμης,
1262 2504 1312 2574 ὅτι
1331 2507 1387 2578 τόν

305 2611 464 2695 Maeonii
479 2614 524 2686 εἰς
536 2609 570 2675 τὸ
586 2619 712 2696 κρατεῖν
728 2612 785 2676 καί
802 2611 981 2694 βασιλεύειν
1003 2611 1082 2698 ὖπὲρ
1097 2604 1195 2675 αὖτόν
1208 2612 1384 2674 ἐδικαίωσε.

375 2762 399 2797 a.
418 2745 570 2798 ακίπτεται
581 2749 630 2830 fol
643 2748 709 2821 napi
717 2746 900 2818 πατριάρχου
912 2749 960 2800 ἵνα
969 2750 1080 2817 creperi
1090 2749 1118 2798 B.
1172 2750 1197 2800 5.
1216 2749 1339 2808 στυπτής
1351 2748 1389 2807 Α,

377 2819 449 2869 λείυν
467 2817 484 2868 ti
504 2831 611 2880 στοπης
629 2819 657 2866 B.
747 2838 771 2888 7.
795 2821 844 2870 καί
869 2816 946 2890 ὅσοι]
973 2822 1092 2870 καὶτοῦ
1112 2815 1217 2885 κλήρου
1235 2816 1341 2873 παντός
1358 2817 1387 2865 Β.

379 2905 416 2940 ss.
436 2885 485 2949 τῆς
516 2887 669 2959 η’μετίρας]
696 2892 728 2959 τῇ
751 2892 810 2940 τῶν
838 2887 1018 2959 γραμμάτων
1043 2889 1190 2957 λογιότητι
1219 2887 1336 2959 ἄριστος
1359 2887 1389 2936 Β.

380 2961 416 3012 ai.
438 2957 468 3018 ἐξ
489 2957 584 3030 αὐτῆς]
607 2964 768 3026 παραυτίκα
785 2960 814 3010 B.
891 2962 928 3012 15.
947 2956 1077 3022 αλλήλοις
1095 2961 1124 3010 Α.

375 3067 399 3102 a.
437 3052 519 3102 Facta
532 3053 615 3120 igitur
625 3069 653 3103 re
669 3052 762 3104 divina
775 3071 824 3123 pro
837 3053 1021 3106 declaratione
1035 3061 1063 3106 et
1072 3055 1179 3124 imperii
1198 3053 1334 3122 auspiciis,
1354 3051 1389 3103 cle

305 3121 479 3192 patriarchici
493 3121 584 3172 throni
598 3140 749 3174 successore
766 3132 793 3175 et
809 3126 1007 3176 ecclesiasticae
1026 3125 1174 3176 functionis
1195 3122 1390 3192 gubernatore,

307 3211 322 3244 a
341 3209 395 3262 quo
412 3193 441 3244 la
461 3194 562 3262 templo
578 3193 682 3244 domini
699 3211 799 3244 corona
814 3196 988 3264 imperatoria
1000 3204 1150 3257 ornaretur,
1167 3194 1311 3246 deliberat.
1328 3209 1392 3243 nam

308 3265 363 3315 Leo
374 3265 516 3334 Styppiota
530 3273 617 3315 morte
630 3265 711 3316 rebus
723 3264 848 3316 burnonis
862 3275 1003 3334 exemptus
1022 3275 1087 3318 erat.
1098 3265 1214 3335 proinde
1228 3265 1391 3316 sententiam

309 3351 383 3384 suam
396 3351 456 3386 curn
477 3336 598 3404 cognatis
612 3335 783 3386 senatoribus
807 3345 835 3387 et
851 3336 1038 3387 sacerdotibus
1059 3337 1248 3388 communicat.
1267 3351 1327 3386 cum
1342 3352 1392 3385 au·

309 3413 364 3454 tem
377 3406 455 3456 rurslti
467 3405 497 3456 iu
512 3407 623 3458 manirui
641 3407 815 3475 pontificatus
835 3408 967 3473 suffragiis
980 3409 1199 3470 nominarentur,
1219 3425 1311 3458 eorum
1330 3422 1393 3456 sen-

308 3474 396 3524 tentia
418 3476 500 3538 vicit,
518 3478 616 3530 ceteris
633 3477 689 3528 lere
706 3476 832 3528 omnibus
846 3480 977 3539 assensis,
997 3481 1046 3548 qui
1059 3479 1220 3530 Michaelem
1237 3477 1315 3528 Acasti
1334 3491 1392 3526 rno-

310 3543 422 3594 aasterii
446 3547 606 3598 monachum
636 3547 829 3616 designabant,
859 3549 946 3599 uirum
976 3558 1004 3599 et
1023 3551 1124 3601 virtute
1141 3549 1276 3599 celebrem
1297 3557 1325 3598 et
1342 3562 1393 3596 no-

311 3614 373 3664 stris
392 3613 478 3665 literis
499 3617 641 3668 eruditum.
670 3620 693 3670 is
714 3619 798 3687 igitur
815 3619 969 3688 patriarcba
982 3620 1135 3672 declaratus
1157 3637 1218 3670 eum
1235 3637 1251 3670 a
1270 3635 1324 3687 quo
1340 3635 1393 3667 un·

311 3692 369 3734 ctus
387 3692 445 3735 erat
461 3685 578 3737 vicissim
591 3689 676 3756 ungit,
696 3707 797 3741 sacram
816 3690 911 3742 aedem
930 3692 1086 3760 ingressum.
1102 3693 1292 3759 imperatorem
1309 3690 1396 3740 etiarn

310 3753 395 3805 frater
412 3756 531 3806 leoncius
546 3766 588 3808 est
606 3761 765 3819 comitutus;
784 3761 878 3831 ltaque
898 3763 1004 3825 fratrer,
1018 3769 1126 3831 praeter
1135 3762 1208 3830 vulgi
1221 3761 1395 3830 opinionem,

310 3832 405 3877 mutua
420 3823 612 3878 benevolentia
630 3845 659 3878 se
679 3830 813 3899 complexi
831 3841 902 3884 eunt.
923 3834 1079 3885 lnitautem
1093 3833 1211 3884 Isaaeius
1232 3832 1269 3883 ob
1286 3833 1397 3881 iracun-

312 3894 386 3946 κλίναι
405 3903 432 3947 et
448 3896 554 3948 leuibus
574 3897 608 3948 ‹le
627 3902 714 3953 causis
733 3900 769 3952 ad
786 3904 887 3954 atrocia
907 3905 1041 3973 supplicio
1058 3904 1267 3971 propensionem
1283 3901 1396 3953 minime

311 3974 403 4033 gratus
420 3967 539 4034 populo;
565 3977 593 4019 et
610 3986 765 4040 quenquam
783 3990 928 4042 procerus,
954 3975 1046 4024 nescio
1061 3973 1349 4042 quiclsorrnidolosum
1368 3978 1397 4021 et

311 4036 368 4086 viro
392 4037 533 4105 indignum
560 4037 671 4103 lrabuit,
692 4051 723 4094 ut
742 4043 777 4092 ad
798 4047 920 4113 quemuis
940 4060 1011 4112 pene
1030 4045 1171 4112 strepitum
1198 4051 1395 4112 expavesceret.

311 4107 486 4175 quamobrem
513 4118 589 4176 pater
607 4110 664 4162 eius
684 4112 836 4176 lohannes,
860 4115 1007 4183 imperator
1025 4115 1235 4171 solertissimus,
1258 4115 1340 4165 etiam
1362 4129 1395 4163 eo

311 4177 421 4230 nomine
440 4178 474 4231 ab
493 4179 618 4232 omnibus
637 4181 834 4246 celebrabatur,
855 4185 929 4254 quod
948 4185 990 4235 illi
1009 4185 1163 4237 illanuelens
1183 4187 1365 4255 praetulisset.
