3017 4892
370 177 413 240 m
447 171 629 239 nioman
663 171 915 240 mosiacen.
1105 147 1191 238 883

192 330 233 398 P.
247 327 316 408 183,
344 328 391 391 18.
434 319 755 412 ἅδοξαῦεταςατῖτόν]
777 327 873 390 verba
893 328 937 390 sio
956 339 1077 393 manat.
1103 344 1291 418 proamitae

106 417 202 498 igitur
225 415 431 474 Constantinus
448 435 480 472 se
502 433 524 474 o
545 412 708 496 Pisilrppoc
736 413 890 472 amoribus
919 410 1033 494 despici
1057 431 1197 496 cerneret,

107 499 168 584 qni
187 496 253 556 olas
273 497 318 557 od
334 497 431 556 olium
449 495 594 557 librarem
609 508 639 555 et
656 493 870 557 Andronicum
895 495 984 556 malr's
1001 510 1132 580 peterem
1150 502 1197 564 ci·

108 599 172 666 quc
187 578 508 741 &ciiiiliifi'liiiii
527 655 562 722 τὸ
584 651 751 740 τοῦλόγου
804 657 898 722 verba
919 661 963 722 sie
983 659 1049 721 iere
1076 676 1199 732 sonant.

111 743 371 830 quemadmodum
389 745 527 820 mustela,
547 757 579 804 nt
597 746 694 815 αιἀαε,
718 764 739 804 a
785 745 897 818 sebum,
920 743 968 806 ad
980 743 1129 829 prr'sdnos
1139 745 1199 828 sn-

110 847 172 910 goo
189 848 324 890 reversus
342 830 518 913 mantnmoe
536 829 599 886 nris
618 828 764 888 nectens
783 829 912 890 tentans.
949 841 978 888 ct
1003 841 1035 889 nt
1052 841 1121 888 erat
1151 830 1201 888 tn-

113 913 261 972 xnriosae
279 911 363 972 vitae
384 923 415 971 et
433 924 466 972 ut
484 930 663 994 eqmsserga
684 909 821 970 mulieres
844 912 1011 984 ιἀτααίεατ,
1039 913 1074 970 ia
1093 913 1201 974 vetitos
1209 921 1237 976 Ρ.
1246 923 1295 993 lto

113 995 282 1053 concubitus
301 993 415 1066 ruebat,
435 993 604 1054 carnaliter·
622 994 901 1077 appropinquabat,
926 1008 957 1056 et
974 998 1207 1080 intemperanter·

114 1076 251 1218 psdnlget
282 1077 407 1139 libidini
445 1075 623 1138 Tleodoroe
647 1071 749 1159 fitne
784 1077 938 1159 patruelis
969 1091 1047 1142 natu
1081 1080 1206 1160 oraiorir
1292 1064 1298 1088 '

136 1181 240 1220 socon.

199 1243 240 1307 P.
265 1238 334 1322 187,
356 1237 388 1306 6.
428 1238 493 1300 τῶν
516 1233 671 1320 αρότριτα
700 1231 942 1322 λανθανόμεναι]
969 1239 1082 1304 τελετή
1103 1253 1207 1326 potest

115 1321 180 1386 hoc
199 1323 249 1386 vel
269 1323 312 1384 ad
334 1325 512 1384 meritorum
531 1332 563 1384 et
583 1333 864 1406 rerumgestarum
886 1325 1084 1404 oblivionem,
1106 1329 1154 1389 vel
1168 1327 1209 1388 ad

116 1407 311 1470 insolentiam
331 1407 477 1490 pristinae
498 1405 589 1467 sortis
609 1409 831 1468 immemorem.

202 1491 241 1556 P.
266 1488 336 1567 188,
363 1488 409 1556 18.
451 1485 648 1569 θερμότερον
669 1483 782 1572 φήνῃς]
807 1489 901 1552 verba
933 1493 977 1552 sic
1003 1503 1122 1554 sonant.
1154 1514 1209 1552 nr.

117 1571 235 1716 {laenam
257 1587 286 1634 et
304 1571 508 1633 miserabatur
516 1571 640 1651 fulica,
671 1573 851 1634 draconibus
871 1578 1031 1653 moestia,
1066 1578 1213 1656 halcyone

210 1677 282 1715 rens.

152 1657 245 1800 WB.
280 1733 357 1820 195,
391 1735 437 1798 15.
495 1729 638 1806 αἷναιδεῖς
667 1731 746 1818 μέν]
781 1733 1015 1822 impudentiores
1050 1737 1214 1824 Periplzete

119 1819 277 1899 clavigero
297 1832 328 1881 et
343 1816 516 1904 pinmicxtb
537 1816 644 1898 (liceat
664 1819 746 1880 enim
768 1830 799 1880 et
819 1820 895 1880 mihi
912 1821 1049 1900 ineptire)
1085 1822 1213 1886 Sinnt'de

121 1916 152 1966 et
169 1903 314 1979 Scirone,
335 1921 408 1987 quos
429 1901 502 1962 olim
525 1899 656 1962 Therone
675 1902 803 1979 sustulit,
824 1903 1031 1964 immaniores.

204 1982 242 2046 P.
270 1983 337 2068 196,
359 1981 389 2051 5.
425 1979 528 2081 1do‘inn
557 1984 644 2058 τέλος
671 1981 917 2064 καταλελύσθαι]
948 2004 1019 2045 cnm
1046 1985 1143 2071 plmoe
1166 2008 1214 2051 sn·

118 2067 219 2152 pitnm
233 2069 397 2146 videretur,
418 2066 679 2145 enstorfoecnndi
696 2069 766 2149 agri
786 2067 939 2152 locupletis
959 2069 1099 2146 hominis,
1123 2074 1214 2136 rotn-

121 2152 228 2213 stiores
246 2171 386 2213 messores
408 2149 621 2226 desiderantis,
641 2147 791 2234 refloruit.

208 2231 248 2300 Ρ.
269 2256 338 2310 τοο,
362 2232 413 2296 τ6.
454 2232 546 2292 τοῦτο
567 2226 605 2312 δὴ
631 2225 725 2314 ὅπερ]
757 2231 891 2315 ineptam
911 2239 944 2294 et
971 2233 1216 2320 intempestivam

21 2362 22 2371 τ
122 2315 203 2378 hone
225 2317 434 2399 appendicem,
454 2337 473 2376 a
493 2314 594 2375 mede
613 2314 764 2378 industria
784 2318 1039 2398 praetermissam,
1059 2323 1217 2386 sieiater·

124 2402 256 2483 preteris
278 2400 368 2462 licet:
399 2399 436 2459 id
460 2397 549 2483 qood
565 2399 703 2483 opposita
723 2399 883 2460 virtutibus
904 2402 982 2464 uitia
1002 2401 1121 2486 efficere
1141 2420 1217 2469 eoo·

124 2496 302 2561 eneoennr3
319 2502 492 2576 qnanqrmm
514 2479 577 2540 iltis
593 2483 857 2584 propinquarunt
885 2495 916 2543 et
938 2507 1018 2567 pene
1037 2489 1216 2557 adhaerent.

125 2567 205 2628 alter
224 2565 322 2628 codex
344 2565 437 2628 habet
457 2556 535 2646 irrep
556 2561 613 2627 noi
638 2587 674 2627 εν
696 2570 768 2639 ταῖς
788 2567 972 2638 καθολικαῖς
997 2565 1127 2652 ἀρεταῖς
1147 2566 1216 2649 ἔχει

126 2669 173 2722 τις
192 2649 286 2712 τοῦτο
308 2648 398 2713 ἰδεῖν.

210 2733 249 2800 Ρ.
270 2753 342 2818 207,
369 2753 416 2814 ¹⁷·
456 2725 562 2794 nornis
581 2727 712 2804 ἕκειλεοις
731 2722 914 2811 βαλάντιον]
935 2739 1012 2810 puto
1032 2731 1213 2796 Choniatem

127 2814 167 2880 de
187 2813 344 2878 latrocinii
365 2816 508 2878 societate
527 2823 558 2876 et
578 2813 742 2895 partitione
763 2812 979 2872 manubiarum
998 2813 1094 2896 loqui.

210 2898 248 2962 P.
260 2897 333 2974 208,
355 2899 388 2962 5.
426 2901 491 2970 τοῖς
511 2887 628 2976 πήχεσι
646 2891 774 2975 μετρῶν
796 2888 832 2954 τὸ
857 2883 1024 2978 εὔδαιμον]
1049 2897 1158 2960 alludit
1177 2897 1217 2961 ad

127 2981 327 3044 dimensiones
356 3000 521 3064 agrorum,
556 2976 705 3038 limitibus
741 2975 945 3040 exundatione
983 2979 1044 3042 Nili
1074 2983 1217 3050 conlusis.

128 3063 212 3127 unde
228 3063 353 3144 quidam
374 3071 500 3124 censent
519 3060 715 3162 peometriam
743 3071 845 3122 ortum
870 3059 1020 3130 habuisse.
1116 3059 1120 3068 '

211 3145 252 3214 P.
272 3144 344 3223 208,
364 3145 398 3208 6.
440 3141 611 3225 imponere]
628 3137 745 3226 τρανὴς
757 3155 788 3205 et
804 3138 917 3227 τραεὸς
932 3149 1042 3208 usitata
1054 3159 1139 3232 sunt,
1160 3149 1217 3214 aad
1225 3159 1319 3238 vaip

129 3221 273 3313 ἕντραεος
293 3228 367 3291 alibi
386 3249 437 3289 me
457 3228 558 3310 legere
576 3247 639 3288 non
661 3226 799 3290 memini.

212 3312 250 3373 P.
262 3333 336 3392 aro,
357 3333 388 3396 9.
428 3307 616 3390 Hispanico
635 3310 800 3394 πρόφασιν
819 3308 992 3394 anastisio]
1012 3311 1215 3380 videErasmi

132 3395 298 3478 Chiliades3
319 3414 494 3480 quanquam
515 3391 598 3454 haud
617 3395 679 3455 scio
704 3414 744 3454 aa
771 3392 810 3456 ad
842 3393 1040 3456 Homericum
1066 3399 1215 3463 Achillem

130 3478 307 3558 alludatur,
341 3481 395 3562 qui
422 3475 567 3540 saevitiae
600 3497 673 3539 suae
692 3477 828 3539 Patrocli
861 3477 985 3540 eaedem
1011 3485 1213 3564 praetexebat,

99 3572 107 3590 ·
132 3583 202 3626 cum
224 3561 303 3624 hosti
325 3573 459 3624 mortem
473 3559 648 3642 deprecanti
669 3561 836 3644 respondet
881 3588 883 3596 ·

236 3641 449 3708 candanatici
468 3639 658 3723 Πάτροκλος
679 3636 698 3705 ὅ
716 3665 764 3718 τις
784 3643 838 3706 σέο
858 3641 964 3728 πολλῷ
982 3642 1131 3724 ineatur.

231 3726 659 3811 coenomanensem
675 3739 704 3790 te
724 3726 884 3788 oirtntr'hus
905 3731 1009 3796 antem

211 3811 252 3880 P.
275 3833 346 3892 aaa,
369 3811 402 3880 8.
442 3813 507 3872 κατ’
532 3803 720 3894 ἆχεραΐδα]
748 3829 881 3894 procera
911 3812 1010 3874 irestor
1032 3813 1142 3900 populi
1168 3813 1307 3896 ir-Mtr

132 3895 243 3980 riguae.

212 3981 248 4044 P.
270 3979 417 4053 230,21.
456 3971 515 4048 τὰς
534 3969 720 4056 octonorio]
749 3965 906 4048 κολασσᾶς
927 3973 980 4054 (Α)
1012 3976 1076 4038 sive
1105 3979 1214 4040 κολοσ-

132 4059 207 4138 αάςτ
241 4085 313 4128 nam
339 4061 430 4127 litem
450 4079 559 4147 parum
588 4059 747 4147 perspicua
772 4070 827 4124 est.
855 4057 937 4124 unde
965 4059 1103 4146 suspicor
1129 4061 1214 4126 Cho·
