3017 4892
261 289 346 374 682
571 313 747 379 nicerte
787 316 1026 380 cuoustmu

260 470 306 554 τῷ
324 466 399 530 καθ’
422 462 536 530 ἑαυτὸν
562 461 768 548 όποδείγματι
800 465 843 540 ὥς
872 458 954 531 εἶναι
980 464 1016 530 τό
1047 461 1222 548 μοστὴριον
1250 455 1352 540 αὖθις

261 565 452 650 μοστηριον,
481 561 501 627 ό
533 566 570 628 δέ
603 571 740 647 λογικοῖς
766 564 918 644 μεθόδοις
947 568 1061 650 ἐχρῆτο
1087 565 1141 628 παι·
1169 558 1351 642 ἀποδείξεσι

260 669 464 746 βιαζομέναις
486 665 533 738 εἰς
561 663 791 744 συγκατάθεσιν
818 661 872 727 τόν
890 663 1195 748 προσδιαλεγόμενον
1228 663 1262 727 ἐν
1283 672 1352 738 τοῖς

261 759 442 850 ύιιερφνέσι
461 764 518 827 stoi
535 765 636 847 μηδὲν
660 761 780 840 ἔξωθεν
802 765 960 842 δεομένοις
986 759 1226 847 ἐπιτεχνήσεως.
1266 760 1349 827 άλλά

262 861 319 927 καὶ
338 866 588 946 πατηχητηρίονς
608 865 766 937 συντιθείς
784 860 896 944 λόγους
919 861 977 945 τὴν
1001 865 1064 926 τοόν
1083 861 1242 944 νηστέμων
1270 861 1380 944 ripe-5

263 962 329 1044 ριόν
348 963 548 1047 προθεσμίαν
568 959 740 1046 ἐφεστάναι
754 963 1085 1046 ηροκοιταγγέλλοντας
1110 961 1167 1024 κατ’
1189 958 1265 1034 τούς
1293 964 1351 1044 τῆς

262 1062 473 1144 πνευματικῆς
493 1057 594 1142 πάλης
613 1057 691 1145 πρός
719 1059 776 1124 τόν
805 1061 911 1142 άγοῖνα
932 1059 1181 1145 ύιιαλεόφοντας,
1202 1061 1237 1122 ἐν
1256 1065 1352 1142 μέρει

263 1155 466 1243 μνημονεύων
484 1162 540 1223 τοῦ
561 1160 717 1242 δόγματος
735 1155 822 1235 ὅπως
841 1161 902 1238 μὲν
921 1158 1118 1244 σννεζητήθη
1144 1161 1200 1223 sui
1218 1162 1289 1222 τίνα
1309 1157 1349 1223 τό

161 1272 196 1324 V.
204 1272 256 1341 ²7⁴
264 1261 337 1342 παρ’
350 1257 452 1322 αάτοῦ
466 1255 660 1339 δοξαζόμενα
678 1257 734 1322 κατ’
754 1253 776 1321 ά
792 1282 892 1343 φασιν
913 1255 941 1322 oi
958 1256 1143 1346 άντι’φρονες
1163 1259 1270 1344 σιωπῇ
1288 1283 1351 1322 πα·

265 1360 408 1441 ρεδόδοο,
433 1351 522 1438 οἶμαι
540 1356 598 1442 την
625 1360 794 1444 ἀντίφασιν
815 1359 1057 1443 ἐντρεπόμενος,
1085 1361 1130 1445 τῷ
1154 1359 1191 1420 δὲ
1214 1355 1349 1437 δόγματι
1364 1380 1399 1420 ιο

265 1455 444 1538 ἐπιβάλλων
472 1459 576 1521 εἰιεϊνα
607 1460 702 1522 τινοῖν
730 1456 938 1543 πανηγύρεσιν
968 1455 991 1520 ἃ
1024 1457 1093 1520 οόδ
1121 1451 1203 1530 όλως
1231 1449 1352 1542 ᾔδεσαν

169 1559 336 1622 Μδδοόδ
357 1553 524 1638 ἐβάλλοντο
543 1578 620 1620 ποτε
643 1555 724 1620 κατὰ
743 1559 829 1622 νοῦν.
874 1554 1032 1642 ζητήσεως
1053 1553 1115 1638 γάρ
1138 1548 1233 1638 ούσης
1251 1555 1283 1617 εἰ
1308 1556 1348 1618 τό

264 1655 584 1737 μεταλαμβανόμενον
619 1653 708 1739 όγιον
741 1659 836 1737 στόμα
868 1658 1016 1740 Χριστοῦ
1056 1647 1219 1740 άφθαρτόν
1257 1655 1350 1717 έοτιν

266 1751 373 1819 όποῖον
392 1755 474 1835 μετά
495 1753 532 1819 τό
555 1755 659 1832 πάθος
677 1759 732 1821 καὶ
750 1754 810 1839 την
828 1748 1021 1837 άνάστασιν,
1043 1751 1105 1818 εἴτε
1119 1750 1182 1838 μην
1199 1749 1349 1838 φθαρτόν

264 1852 309 1928 ιός
327 1851 388 1939 πρό
410 1855 469 1917 τοῦ
489 1857 629 1938 πάθους,
647 1852 758 1936 οἱμὲν
778 1852 882 1938 έλεγον
902 1849 1079 1940 ἄφθαρτον·
1110 1850 1271 1934 ὁμολογίαν
1281 1851 1346 1934 γάρ
1362 1857 1401 1920 ι5

265 1977 336 2017 τινα
360 1956 415 2017 καί
433 1950 608 2037 ἀνάμνησιν
627 1949 709 2020 εἶναι
729 1957 787 2018 τοῦ
810 1951 961 2019 τεθνάναι
980 1955 1086 2018 τεκαὶ
1109 1953 1284 2035 άναβιοῖναι
1305 1952 1352 2014 δι’

265 2050 352 2134 ἡμᾶς
373 2050 426 2117 τόν
447 2049 556 2136 κύριον
576 2050 635 2138 τὴν
653 2058 717 2118 τεόν
737 2055 836 2118 θεάων
856 2055 1038 2138 μυστηρίων
1063 2051 1239 2135 μετάληψιν
1267 2047 1350 2114 κατά

265 2148 322 2214 τόν
339 2154 441 2234 μέγαν
455 2154 489 2215 έν
512 2155 659 2240 θεολογάηι
680 2149 861 2236 Κύριλλον,
879 2150 934 2215 sci
952 2151 997 2226 uic
1016 2147 1035 2214 ό
1055 2147 1093 2214 όν
1112 2151 1209 2234 μέρος
1230 2173 1279 2224 τις
1298 2152 1351 2213 δέ-

264 2253 374 2334 ξηται,
396 2252 511 2315 ἐκεῖνον
531 2253 709 2335 εἰσδέχεται
729 2248 802 2316 όλον
821 2249 877 2318 τόν
893 2249 982 2337 παρά
1003 2251 1061 2317 τοῦ
1076 2251 1180 2333 &opt
1197 2255 1350 2334 ψηλαφη-

265 2353 385 2428 θέντα,
405 2351 461 2413 καί
480 2351 525 2424 ὥς
545 2350 690 2416 ε’σθιέται
708 2348 789 2431 μετὰ
810 2348 867 2435 την
886 2345 1076 2432 άνάοτασιν,
1099 2345 1207 2428 καθοδς
1227 2346 1244 2414 ὅ
1267 2371 1396 2434 χρυ-το

264 2450 343 2524 σοός
361 2446 419 2530 την
436 2450 577 2530 γλῶτταν
594 2447 738 2534 Ἰωάννης
758 2451 840 2534 φησί
857 2447 934 2534 πρός
953 2457 1018 2526 τοῖς
1038 2443 1201 2529 ἑπομένοις
1220 2442 1272 2530 „ri
1290 2449 1350 2511 τοό

264 2545 444 2628 θαύματος,
466 2541 483 2607 ό
508 2549 542 2611 έν
568 2547 656 2636 δεξιᾷ
675 2545 871 2634 τοῦπατρὸς
889 2547 1069 2632 καθήμενος
1097 2551 1131 2614 έν
1150 2555 1222 2622 ταῖς
1237 2547 1350 2633 χερσὶν

333 2717 359 2784 δ.
376 2711 477 2787 μηδὲν]
498 2715 546 2782 τῆς
563 2732 596 2785 pr
613 2718 644 2768 A.
764 2719 801 2770 13.
820 2715 970 2788 άγιονοιιι
982 2720 1013 2770 λ.
1120 2715 1236 2800 'indi’
1255 2733 1298 2768 om
1318 2718 1347 2768 Δ.

340 2789 379 2839 ι5.
397 2788 509 2842 πάθους
529 2792 579 2838 sot
596 2791 653 2845 ταῖν
670 2785 725 2860 μὲν
742 2789 886 2860 λεγόντοιν
904 2788 977 2860 epe.
993 2789 1023 2841 Α.
1070 2803 1113 2844 ει.
1131 2805 1208 2859 προς
1219 2817 1243 2830 ·
1262 2803 1347 2860 μετει-

334 2860 451 2922 τδθησιν
472 2872 516 2908 om
535 2859 565 2910 A.

266 2996 329 3048 sliis
346 2996 432 3064 ipsius
452 2998 576 3119 exemplo
594 2999 735 3050 silentium
752 2999 955 3069 imperandum,
972 3007 1005 3053 ut
1021 2997 1178 3066 mysterium
1196 3013 1287 3049 rursus
1305 3013 1350 3050 es-

266 3075 310 3118 set
326 3067 496 3133 mysterium,
548 3069 670 3120 ssereudi
687 3078 745 3121 arte
772 3079 800 3122 et
824 3071 1102 3124 demonstrationibus
1127 3084 1199 3138 quse
1223 3067 1350 3120 edversa-

266 3138 337 3188 rium
354 3138 562 3202 convincerent,
583 3140 613 3191 iu
631 3141 713 3192 rebus
730 3141 833 3210 ingenii
850 3143 962 3193 humani
979 3149 1088 3210 captum
1106 3139 1301 3190 excedentibus
1321 3149 1350 3192 et

265 3209 411 3260 artificium
428 3209 621 3278 respuentibus
639 3228 704 3263 usus
721 3221 771 3263 est.
796 3213 950 3281 composuit
971 3213 1055 3264 etism
1073 3211 1209 3262 orationes
1229 3210 1351 3262 catechi-

265 3281 364 3342 sucus,
382 3297 454 3349 quse
473 3279 532 3331 dics
552 3281 719 3335 ieiuniorum
737 3283 840 3334 instare
866 3283 1024 3336 nuntiarent
1046 3288 1075 3333 et
1095 3281 1248 3334 secerdotes
1265 3279 1302 3332 ed
1320 3280 1351 3332 id

266 3359 403 3402 certamen
422 3349 646 3414 exhortarentur,
661 3354 802 3404 mentione
822 3354 939 3418 inserts,
958 3369 1040 3422 quem
1057 3353 1152 3420 dogma
1172 3352 1242 3404 illud
1260 3361 1351 3403 ortum

265 3420 408 3483 habuerit,
427 3431 457 3474 et
479 3421 547 3490 quid
570 3425 672 3476 sentiet
697 3423 756 3492 ipse
784 3428 925 3492 exposuit:
950 3423 1164 3476 adversariorum
1188 3440 1250 3474 vero
1277 3421 1352 3474 diets

265 3491 346 3558 plane
365 3493 476 3543 silentio
491 3491 686 3556 dissimulavit,
703 3494 914 3559 refutationem,
933 3505 963 3547 ut
981 3494 1114 3557 arbitror,
1132 3494 1252 3558 nerituss
1271 3501 1300 3544 et
1318 3510 1353 3546 es

266 3561 366 3613 tribuit
382 3561 561 3627 adversariis,
589 3580 659 3634 quoe
688 3581 779 3635 neque
804 3575 903 3618 norunt
925 3581 1018 3634 neque
1042 3581 1163 3634 unquam
1190 3565 1350 3632 cogitarant.

265 3648 328 3682 nam
347 3649 408 3683 cum
425 3634 455 3684 in
473 3635 635 3702 quaestione
655 3645 744 3700 esset,
764 3643 855 3688 utrum
875 3635 977 3688 Christi
994 3653 1091 3706 corpus
1107 3642 1171 3704 post
1195 3635 1352 3705 perceptio-

265 3717 329 3753 nem
347 3700 556 3770 incorruptibile
573 3707 626 3769 sit,
644 3707 726 3776 quale
744 3715 808 3775 post
824 3709 980 3776 passionem
999 3715 1028 3760 et
1045 3704 1269 3758 resurrectionem
1288 3705 1352 3768 fuit,

266 3788 302 3821 nn
323 3773 501 3840 corruptibile
522 3784 635 3828 utente
647 3777 818 3844 passionem,
837 3778 887 3829 elii
906 3777 1037 3830 dicebant
1053 3776 1262 3845 incorruptibile
1282 3792 1352 3838 esse,

266 3841 343 3911 quod
367 3841 521 3896 divinorum
542 3848 733 3914 mysteriorum
758 3849 898 3917 perceptio
923 3850 1058 3901 confessio
1082 3847 1119 3900 sit
1145 3855 1174 3899 et
1197 3845 1351 3898 recordatio

266 3910 402 3979 quaedam
420 3913 525 3966 domini
546 3927 659 3987 propter
677 3935 727 3970 uos
743 3923 846 3970 mortui
863 3928 891 3971 et
911 3918 1035 3983 redivivi,
1053 3926 1206 3986 utmagnus
1224 3917 1254 3969 in
1271 3917 1353 3968 theo-

221 4047 227 4053 ,
266 3981 339 4049 logie
357 3982 475 4048 Cyrillus
502 3986 602 4053 tradit,
635 3997 663 4040 et
689 4005 772 4058 quam
796 3998 902 4059 purtem
930 3991 1048 4060 quisque
1075 3989 1228 4058 acceperit,
1255 3987 1290 4038 ab
1318 4005 1352 4037 eo

266 4052 405 4104 Christum
422 4053 558 4122 integrum
575 4059 697 4127 percipi,
715 4077 797 4129 quem
816 4061 935 4113 'ihomas
953 4060 1090 4130 palperit,
1107 4075 1224 4128 eumque
1242 4057 1353 4108 comedi

265 4131 330 4192 post
346 4128 585 4190 resurrectionem,
601 4139 634 4182 ut
648 4128 783 4184 lohannes
796 4131 1003 4198 chrysostomus
1016 4131 1129 4182 affirmet
1149 4130 1192 4181 his
1210 4127 1296 4178 verbis
1311 4143 1351 4188 „o

266 4211 323 4248 rem
340 4196 449 4250 mirans!
470 4196 572 4267 quisti
592 4198 731 4254 dexteram
749 4202 834 4272 petris
854 4201 944 4264 sedet,
972 4204 1001 4253 in
1031 4211 1153 4254 nostrum
1176 4205 1352 4269 peccatorum
