<?xml version="1.0" encoding="UTF-8"?>
<!DOCTYPE html PUBLIC "-//W3C//DTD XHTML 1.0 Transitional//EN"
    "http://www.w3.org/TR/xhtml1/DTD/xhtml1-transitional.dtd">
<html xmlns="http://www.w3.org/1999/xhtml" xml:lang="en" lang="en">
 <head>
  <title>
</title>
<meta http-equiv="Content-Type" content="text/html;charset=utf-8" />
  <meta name='ocr-system' content='tesseract 3.04.00' />
  <meta name='ocr-capabilities' content='ocr_page ocr_carea ocr_par ocr_line ocrx_word'/>
</head>
<body>
  <div class='ocr_page' id='page_1' title='image "./corpusscriptoru03unkngoog/corpusscriptoru03unkngoog_0021.png"; bbox 0 0 3017 4892; ppageno 0'>
   <div class='ocr_carea' id='block_1_1' title="bbox 533 306 820 390">
    <p class='ocr_par' dir='ltr' id='par_1_1' title="bbox 533 306 820 390">
     <span class='ocr_line' id='line_1_1' title="bbox 533 306 820 390; baseline 0.007 -25"><span class='ocrx_word' id='word_1_1' title='bbox 533 377 541 390; x_wconf 48' lang='grc'>,</span> <span class='ocrx_word' id='word_1_2' title='bbox 558 306 820 368; x_wconf 74' lang='lat' dir='ltr'><strong><em>saeviturum.</em></strong></span> 
     </span>
    </p>
   </div>
   <div class='ocr_carea' id='block_1_2' title="bbox 82 453 1351 4304">
    <p class='ocr_par' dir='ltr' id='par_1_2' title="bbox 82 453 1305 1922">
     <span class='ocr_line' id='line_1_2' title="bbox 82 453 1229 531; baseline 0.01 -25"><span class='ocrx_word' id='word_1_3' title='bbox 82 456 115 506; x_wconf 85' lang='lat' dir='ltr'><strong><em>in</em></strong></span> <span class='ocrx_word' id='word_1_4' title='bbox 142 453 282 506; x_wconf 82' lang='lat' dir='ltr'><strong><em>Seruios</em></strong></span> <span class='ocrx_word' id='word_1_5' title='bbox 315 464 346 504; x_wconf 86' lang='lat' dir='ltr'><strong><em>ct</em></strong></span> <span class='ocrx_word' id='word_1_6' title='bbox 370 455 539 524; x_wconf 80' lang='lat' dir='ltr'><strong><em>Hurrgaros</em></strong></span> <span class='ocrx_word' id='word_1_7' title='bbox 568 454 753 526; x_wconf 77' lang='lat' dir='ltr'><strong><em>expeditiones</em></strong></span> <span class='ocrx_word' id='word_1_8' title='bbox 777 459 916 512; x_wconf 83' lang='lat' dir='ltr'><strong><em>Manutlie</em></strong></span> <span class='ocrx_word' id='word_1_9' title='bbox 943 471 970 511; x_wconf 86' lang='lat' dir='ltr'><strong><em>et</em></strong></span> <span class='ocrx_word' id='word_1_10' title='bbox 986 457 1146 531; x_wconf 79' lang='lat' dir='ltr'><strong><em>triumphus.</em></strong></span> <span class='ocrx_word' id='word_1_11' title='bbox 1167 479 1229 516; x_wconf 80' lang='lat' dir='ltr'><strong><em>eurr</em></strong></span> 
     </span>
     <span class='ocr_line' id='line_1_3' title="bbox 85 523 1228 596; baseline 0.01 -23"><span class='ocrx_word' id='word_1_12' title='bbox 85 523 207 590; x_wconf 77' lang='lat' dir='ltr'><strong><em>Scythis</em></strong></span> <span class='ocrx_word' id='word_1_13' title='bbox 235 524 458 578; x_wconf 73' lang='lat' dir='ltr'><strong><em>Calamannus</em></strong></span> <span class='ocrx_word' id='word_1_14' title='bbox 484 527 557 578; x_wconf 89' lang='lat' dir='ltr'><strong><em>male</em></strong></span> <span class='ocrx_word' id='word_1_15' title='bbox 584 540 697 596; x_wconf 70' lang='lat' dir='ltr'><strong><em>pugnat.</em></strong></span> <span class='ocrx_word' id='word_1_16' title='bbox 746 529 861 580; x_wconf 76' lang='lat' dir='ltr'><strong><em>Alexiur</em></strong></span> <span class='ocrx_word' id='word_1_17' title='bbox 886 531 1041 594; x_wconf 81' lang='lat' dir='ltr'><strong><em>Bryennius</em></strong></span> <span class='ocrx_word' id='word_1_18' title='bbox 1052 570 1064 594; x_wconf 82' lang='lat'><strong><em>,</em></strong></span> <span class='ocrx_word' id='word_1_19' title='bbox 1085 531 1228 586; x_wconf 85' lang='lat' dir='ltr'><strong><em>lohannes</em></strong></span> 
     </span>
     <span class='ocr_line' id='line_1_4' title="bbox 89 595 1230 668; baseline 0.009 -23"><span class='ocrx_word' id='word_1_20' title='bbox 89 595 193 645; x_wconf 85' lang='lat' dir='ltr'><strong><em>Ducas</em></strong></span> <span class='ocrx_word' id='word_1_21' title='bbox 231 607 264 644; x_wconf 83' lang='lat' dir='ltr'><strong><em>et</em></strong></span> <span class='ocrx_word' id='word_1_22' title='bbox 300 595 525 646; x_wconf 67' lang='lat' dir='ltr'><strong><em>Constantinus</em></strong></span> <span class='ocrx_word' id='word_1_23' title='bbox 545 597 662 664; x_wconf 78' lang='lat' dir='ltr'><em>Angelus</em></span> <span class='ocrx_word' id='word_1_24' title='bbox 683 613 699 646; x_wconf 87' lang='lat' dir='ltr'><strong><em>a</em></strong></span> <span class='ocrx_word' id='word_1_25' title='bbox 718 597 820 649; x_wconf 75' lang='lat' dir='ltr'><strong><em>Siculis</em></strong></span> <span class='ocrx_word' id='word_1_26' title='bbox 846 602 995 667; x_wconf 85' lang='lat' dir='ltr'><strong><em>capiuntur</em></strong></span> <span class='ocrx_word' id='word_1_27' title='bbox 1018 599 1066 668; x_wconf 84' lang='lat'><strong><em>(7)</em></strong></span> <span class='ocrx_word' id='word_1_28' title='bbox 1113 603 1230 656; x_wconf 81' lang='lat' dir='ltr'><strong><em>Manuti</em></strong></span> 
     </span>
     <span class='ocr_line' id='line_1_5' title="bbox 91 665 1227 742; baseline 0.008 -26"><span class='ocrx_word' id='word_1_29' title='bbox 91 683 157 717; x_wconf 85' lang='lat' dir='ltr'><strong><em>eam</em></strong></span> <span class='ocrx_word' id='word_1_30' title='bbox 180 665 318 732; x_wconf 71' lang='lat' dir='ltr'><strong><em>lingerio</em></strong></span> <span class='ocrx_word' id='word_1_31' title='bbox 338 665 445 717; x_wconf 88' lang='lat' dir='ltr'><strong><em>Siculo</em></strong></span> <span class='ocrx_word' id='word_1_32' title='bbox 466 667 610 736; x_wconf 78' lang='lat' dir='ltr'><strong><em>pontificis</em></strong></span> <span class='ocrx_word' id='word_1_33' title='bbox 628 668 746 717; x_wconf 78' lang='lat' dir='ltr'><strong><em>Romani</em></strong></span> <span class='ocrx_word' id='word_1_34' title='bbox 762 666 876 721; x_wconf 84' lang='lat' dir='ltr'><strong><em>hortatu</em></strong></span> <span class='ocrx_word' id='word_1_35' title='bbox 892 685 985 739; x_wconf 87' lang='lat' dir='ltr'><strong><em>pacem</em></strong></span> <span class='ocrx_word' id='word_1_36' title='bbox 1002 668 1073 722; x_wconf 76' lang='lat' dir='ltr'><strong><em>init:</em></strong></span> <span class='ocrx_word' id='word_1_37' title='bbox 1090 669 1139 722; x_wconf 86' lang='lat' dir='ltr'><strong><em>red</em></strong></span> <span class='ocrx_word' id='word_1_38' title='bbox 1152 690 1227 742; x_wconf 88' lang='lat' dir='ltr'><strong><em>pau-</em></strong></span> 
     </span>
     <span class='ocr_line' id='line_1_6' title="bbox 93 735 832 805; baseline 0 -19"><span class='ocrx_word' id='word_1_39' title='bbox 93 737 121 786; x_wconf 85' lang='lat' dir='ltr'><strong><em>lo</em></strong></span> <span class='ocrx_word' id='word_1_40' title='bbox 143 747 218 804; x_wconf 84' lang='lat' dir='ltr'><strong><em>post</em></strong></span> <span class='ocrx_word' id='word_1_41' title='bbox 235 747 358 785; x_wconf 67' lang='lat' dir='ltr'><strong><em>mutuae</em></strong></span> <span class='ocrx_word' id='word_1_42' title='bbox 378 737 556 788; x_wconf 81' lang='lat' dir='ltr'><strong><em>inimicitiae</em></strong></span> <span class='ocrx_word' id='word_1_43' title='bbox 572 735 767 788; x_wconf 86' lang='lat' dir='ltr'><strong><em>recrudescunt</em></strong></span> <span class='ocrx_word' id='word_1_44' title='bbox 785 735 832 805; x_wconf 81' lang='lat'><strong><em>(8).</em></strong></span> 
     </span>
     <span class='ocr_line' id='line_1_7' title="bbox 180 805 1305 876; baseline 0.003 -22"><span class='ocrx_word' id='word_1_45' title='bbox 180 805 244 854; x_wconf 83' lang='lat' dir='ltr'><strong><em>Lu.</em></strong></span> <span class='ocrx_word' id='word_1_46' title='bbox 264 805 316 852; x_wconf 87' lang='lat'><strong><em>111.</em></strong></span> <span class='ocrx_word' id='word_1_47' title='bbox 356 807 513 856; x_wconf 77' lang='lat' dir='ltr'><strong><em>Manerelis</em></strong></span> <span class='ocrx_word' id='word_1_48' title='bbox 540 807 704 876; x_wconf 79' lang='lat' dir='ltr'><strong><em>Hungarica</em></strong></span> <span class='ocrx_word' id='word_1_49' title='bbox 729 805 876 872; x_wconf 71' lang='lat' dir='ltr'><strong><em>expeditio.</em></strong></span> <span class='ocrx_word' id='word_1_50' title='bbox 910 806 1056 859; x_wconf 82' lang='lat' dir='ltr'><strong><em>Hunnicoe</em></strong></span> <span class='ocrx_word' id='word_1_51' title='bbox 1071 810 1227 874; x_wconf 69' lang='lat' dir='ltr'><strong><em>grassatio·</em></strong></span> <span class='ocrx_word' id='word_1_52' title='bbox 1301 849 1305 857; x_wconf 94' lang='lat'><strong><em>.</em></strong></span> 
     </span>
     <span class='ocr_line' id='line_1_8' title="bbox 104 871 1225 946; baseline 0.006 -22"><span class='ocrx_word' id='word_1_53' title='bbox 104 893 159 926; x_wconf 86' lang='lat' dir='ltr'><strong><em>nes</em></strong></span> <span class='ocrx_word' id='word_1_54' title='bbox 181 875 234 944; x_wconf 85' lang='grc' dir='ltr'>(ι).</span> <span class='ocrx_word' id='word_1_55' title='bbox 272 871 449 926; x_wconf 80' lang='lat' dir='ltr'><strong><em>Andronici</em></strong></span> <span class='ocrx_word' id='word_1_56' title='bbox 467 889 494 927; x_wconf 88' lang='lat' dir='ltr'><strong><em>et</em></strong></span> <span class='ocrx_word' id='word_1_57' title='bbox 510 877 653 928; x_wconf 85' lang='lat' dir='ltr'><strong><em>Manneiis</em></strong></span> <span class='ocrx_word' id='word_1_58' title='bbox 679 877 805 927; x_wconf 86' lang='lat' dir='ltr'><strong><em>incestus.</em></strong></span> <span class='ocrx_word' id='word_1_59' title='bbox 841 874 1016 930; x_wconf 74' lang='lat' dir='ltr'><strong><em>Andronicus</em></strong></span> <span class='ocrx_word' id='word_1_60' title='bbox 1035 877 1164 946; x_wconf 76' lang='lat' dir='ltr'><strong><em>affinium</em></strong></span> <span class='ocrx_word' id='word_1_61' title='bbox 1180 882 1225 931; x_wconf 74' lang='lat' dir='ltr'><strong><em>im</em></strong></span> 
     </span>
     <span class='ocr_line' id='line_1_9' title="bbox 107 945 1225 1017; baseline 0.004 -20"><span class='ocrx_word' id='word_1_62' title='bbox 107 945 198 997; x_wconf 85' lang='lat' dir='ltr'><strong><em>sidiis</em></strong></span> <span class='ocrx_word' id='word_1_63' title='bbox 217 947 252 995; x_wconf 89' lang='lat' dir='ltr'><strong><em>in</em></strong></span> <span class='ocrx_word' id='word_1_64' title='bbox 281 961 435 996; x_wconf 77' lang='lat' dir='ltr'><strong><em>carcerem</em></strong></span> <span class='ocrx_word' id='word_1_65' title='bbox 463 949 603 998; x_wconf 87' lang='lat' dir='ltr'><strong><em>coniectas</em></strong></span> <span class='ocrx_word' id='word_1_66' title='bbox 626 946 747 998; x_wconf 85' lang='lat' dir='ltr'><strong><em>elabitur</em></strong></span> <span class='ocrx_word' id='word_1_67' title='bbox 765 951 864 998; x_wconf 73' lang='lat' dir='ltr'><strong><em>uraris</em></strong></span> <span class='ocrx_word' id='word_1_68' title='bbox 890 964 993 1017; x_wconf 79' lang='lat' dir='ltr'><strong><em>opera:</em></strong></span> <span class='ocrx_word' id='word_1_69' title='bbox 1010 945 1106 999; x_wconf 84' lang='lat' dir='ltr'><strong><em>sedin</em></strong></span> <span class='ocrx_word' id='word_1_70' title='bbox 1123 949 1225 1006; x_wconf 76' lang='lat' dir='ltr'><strong><em>itinere</em></strong></span> 
     </span>
     <span class='ocr_line' id='line_1_10' title="bbox 109 1013 1226 1091; baseline 0.002 -23"><span class='ocrx_word' id='word_1_71' title='bbox 109 1019 222 1068; x_wconf 85' lang='lat' dir='ltr'><strong><em>interce</em></strong></span> <span class='ocrx_word' id='word_1_72' title='bbox 258 1032 291 1065; x_wconf 86' lang='lat' dir='ltr'><strong><em>us</em></strong></span> <span class='ocrx_word' id='word_1_73' title='bbox 312 1013 472 1068; x_wconf 76' lang='lat' dir='ltr'><strong><em>reducitur</em></strong></span> <span class='ocrx_word' id='word_1_74' title='bbox 497 1015 529 1067; x_wconf 88' lang='lat' dir='ltr'><strong><em>in</em></strong></span> <span class='ocrx_word' id='word_1_75' title='bbox 556 1015 707 1067; x_wconf 81' lang='lat' dir='ltr'><strong><em>custodiam</em></strong></span> <span class='ocrx_word' id='word_1_76' title='bbox 725 1021 772 1080; x_wconf 78' lang='lat' dir='ltr'><strong><em>(a).</em></strong></span> <span class='ocrx_word' id='word_1_77' title='bbox 809 1015 945 1068; x_wconf 80' lang='lat' dir='ltr'><strong><em>Ludicrae</em></strong></span> <span class='ocrx_word' id='word_1_78' title='bbox 961 1033 1070 1086; x_wconf 77' lang='lat' dir='ltr'><strong><em>pugnas</em></strong></span> <span class='ocrx_word' id='word_1_79' title='bbox 1089 1031 1226 1091; x_wconf 82' lang='lat' dir='ltr'><strong><em>equestres</em></strong></span> 
     </span>
     <span class='ocr_line' id='line_1_11' title="bbox 113 1085 1226 1156; baseline 0.003 -18"><span class='ocrx_word' id='word_1_80' title='bbox 113 1089 200 1138; x_wconf 75' lang='lat' dir='ltr'><strong><em>Antio</em></strong></span> <span class='ocrx_word' id='word_1_81' title='bbox 244 1087 288 1134; x_wconf 85' lang='lat' dir='ltr'><strong><em>&#39;ae</em></strong></span> <span class='ocrx_word' id='word_1_82' title='bbox 308 1085 437 1135; x_wconf 77' lang='lat' dir='ltr'><strong><em>Marmei</em></strong></span> <span class='ocrx_word' id='word_1_83' title='bbox 455 1086 588 1138; x_wconf 76' lang='lat' dir='ltr'><strong><em>instituit.</em></strong></span> <span class='ocrx_word' id='word_1_84' title='bbox 607 1088 666 1136; x_wconf 87' lang='lat' dir='ltr'><strong><em>eius</em></strong></span> <span class='ocrx_word' id='word_1_85' title='bbox 692 1089 788 1156; x_wconf 86' lang='lat' dir='ltr'><strong><em>copiae</em></strong></span> <span class='ocrx_word' id='word_1_86' title='bbox 814 1085 945 1137; x_wconf 87' lang='lat' dir='ltr'><strong><em>dimissae</em></strong></span> <span class='ocrx_word' id='word_1_87' title='bbox 962 1085 1067 1138; x_wconf 81' lang='lat' dir='ltr'><strong><em>cladem</em></strong></span> <span class='ocrx_word' id='word_1_88' title='bbox 1087 1105 1103 1136; x_wconf 86' lang='lat' dir='ltr'><strong><em>a</em></strong></span> <span class='ocrx_word' id='word_1_89' title='bbox 1126 1089 1226 1140; x_wconf 80' lang='lat' dir='ltr'><strong><em>Turcit</em></strong></span> 
     </span>
     <span class='ocr_line' id='line_1_12' title="bbox 114 1153 1226 1225; baseline 0.004 -19"><span class='ocrx_word' id='word_1_90' title='bbox 114 1156 267 1225; x_wconf 81' lang='lat' dir='ltr'><strong><em>accipiunt</em></strong></span> <span class='ocrx_word' id='word_1_91' title='bbox 285 1153 339 1222; x_wconf 81' lang='lat'><strong><em>(3).</em></strong></span> <span class='ocrx_word' id='word_1_92' title='bbox 395 1153 555 1206; x_wconf 70' lang='lat' dir='ltr'><strong><em>theodor-us</em></strong></span> <span class='ocrx_word' id='word_1_93' title='bbox 581 1157 714 1225; x_wconf 77' lang='lat' dir='ltr'><strong><em>Stypiotes</em></strong></span> <span class='ocrx_word' id='word_1_94' title='bbox 741 1157 775 1208; x_wconf 86' lang='lat' dir='ltr'><strong><em>ob</em></strong></span> <span class='ocrx_word' id='word_1_95' title='bbox 801 1156 941 1209; x_wconf 81' lang='lat' dir='ltr'><strong><em>Cantatori</em></strong></span> <span class='ocrx_word' id='word_1_96' title='bbox 966 1155 1121 1223; x_wconf 74' lang='lat' dir='ltr'><strong><em>logothetae</em></strong></span> <span class='ocrx_word' id='word_1_97' title='bbox 1147 1160 1226 1210; x_wconf 89' lang='lat' dir='ltr'><strong><em>caiu-</em></strong></span> 
     </span>
     <span class='ocr_line' id='line_1_13' title="bbox 116 1223 1226 1296; baseline -0.001 -21"><span class='ocrx_word' id='word_1_98' title='bbox 116 1228 211 1276; x_wconf 81' lang='lat' dir='ltr'><strong><em>ssnias</em></strong></span> <span class='ocrx_word' id='word_1_99' title='bbox 229 1236 416 1276; x_wconf 75' lang='lat' dir='ltr'><strong><em>occaecatus.</em></strong></span> <span class='ocrx_word' id='word_1_100' title='bbox 446 1225 629 1295; x_wconf 75' lang='lat' dir='ltr'><strong><em>expostulatio</em></strong></span> <span class='ocrx_word' id='word_1_101' title='bbox 646 1227 759 1279; x_wconf 81' lang='lat' dir='ltr'><strong><em>Nicetae</em></strong></span> <span class='ocrx_word' id='word_1_102' title='bbox 770 1244 829 1277; x_wconf 88' lang='lat' dir='ltr'><strong><em>curn</em></strong></span> <span class='ocrx_word' id='word_1_103' title='bbox 847 1224 948 1277; x_wconf 84' lang='lat' dir='ltr'><strong><em>divina</em></strong></span> <span class='ocrx_word' id='word_1_104' title='bbox 965 1223 1152 1296; x_wconf 86' lang='lat' dir='ltr'><strong><em>providentia.</em></strong></span> <span class='ocrx_word' id='word_1_105' title='bbox 1170 1226 1226 1280; x_wconf 80' lang='lat' dir='ltr'><strong><em>Ca-</em></strong></span> 
     </span>
     <span class='ocr_line' id='line_1_14' title="bbox 119 1293 1224 1362; baseline 0.004 -18"><span class='ocrx_word' id='word_1_106' title='bbox 119 1295 225 1346; x_wconf 77' lang='lat' dir='ltr'><strong><em>ueteri</em></strong></span> <span class='ocrx_word' id='word_1_107' title='bbox 252 1293 416 1362; x_wconf 74' lang='lat' dir='ltr'><strong><em>logothetae</em></strong></span> <span class='ocrx_word' id='word_1_108' title='bbox 447 1312 553 1357; x_wconf 85' lang='lat' dir='ltr'><strong><em>mores,</em></strong></span> <span class='ocrx_word' id='word_1_109' title='bbox 574 1295 709 1352; x_wconf 72' lang='lat' dir='ltr'><strong><em>tilectus</em></strong></span> <span class='ocrx_word' id='word_1_110' title='bbox 735 1310 763 1347; x_wconf 88' lang='lat' dir='ltr'><strong><em>et</em></strong></span> <span class='ocrx_word' id='word_1_111' title='bbox 779 1297 922 1348; x_wconf 76' lang='lat' dir='ltr'><strong><em>voracitas</em></strong></span> <span class='ocrx_word' id='word_1_112' title='bbox 939 1295 987 1362; x_wconf 69' lang='lat' dir='ltr'><strong><em>(i).</em></strong></span> <span class='ocrx_word' id='word_1_113' title='bbox 1024 1295 1164 1348; x_wconf 84' lang='lat' dir='ltr'><strong><em>Mannelis</em></strong></span> <span class='ocrx_word' id='word_1_114' title='bbox 1180 1313 1224 1348; x_wconf 88' lang='lat' dir='ltr'><strong><em>st·</em></strong></span> 
     </span>
     <span class='ocr_line' id='line_1_15' title="bbox 120 1363 1223 1436; baseline 0.004 -22"><span class='ocrx_word' id='word_1_115' title='bbox 120 1363 234 1416; x_wconf 72' lang='lat' dir='ltr'><strong><em>eundae</em></strong></span> <span class='ocrx_word' id='word_1_116' title='bbox 256 1367 385 1434; x_wconf 80' lang='lat' dir='ltr'><strong><em>nuptiae.</em></strong></span> <span class='ocrx_word' id='word_1_117' title='bbox 422 1366 537 1415; x_wconf 77' lang='lat' dir='ltr'><strong><em>Nicetae</em></strong></span> <span class='ocrx_word' id='word_1_118' title='bbox 560 1367 744 1436; x_wconf 74' lang='lat' dir='ltr'><strong><em>expostulatio</em></strong></span> <span class='ocrx_word' id='word_1_119' title='bbox 764 1382 824 1417; x_wconf 88' lang='lat' dir='ltr'><strong><em>cum</em></strong></span> <span class='ocrx_word' id='word_1_120' title='bbox 841 1365 891 1418; x_wconf 90' lang='lat' dir='ltr'><strong><em>deo</em></strong></span> <span class='ocrx_word' id='word_1_121' title='bbox 909 1363 942 1416; x_wconf 88' lang='lat' dir='ltr'><strong><em>de</em></strong></span> <span class='ocrx_word' id='word_1_122' title='bbox 964 1365 1090 1418; x_wconf 87' lang='lat' dir='ltr'><strong><em>Turcicis</em></strong></span> <span class='ocrx_word' id='word_1_123' title='bbox 1108 1383 1223 1436; x_wconf 73' lang='lat' dir='ltr'><strong><em>grassa·</em></strong></span> 
     </span>
     <span class='ocr_line' id='line_1_16' title="bbox 122 1432 1220 1506; baseline 0.002 -21"><span class='ocrx_word' id='word_1_124' title='bbox 122 1433 258 1486; x_wconf 76' lang='lat' dir='ltr'><strong><em>tionibus.</em></strong></span> <span class='ocrx_word' id='word_1_125' title='bbox 295 1435 456 1486; x_wconf 86' lang='lat' dir='ltr'><strong><em>iconiensis</em></strong></span> <span class='ocrx_word' id='word_1_126' title='bbox 474 1435 583 1486; x_wconf 89' lang='lat' dir='ltr'><strong><em>suitani</em></strong></span> <span class='ocrx_word' id='word_1_127' title='bbox 595 1447 624 1484; x_wconf 86' lang='lat' dir='ltr'><strong><em>et</em></strong></span> <span class='ocrx_word' id='word_1_128' title='bbox 644 1434 816 1506; x_wconf 86' lang='lat' dir='ltr'><strong><em>Cappadocis</em></strong></span> <span class='ocrx_word' id='word_1_129' title='bbox 833 1434 981 1506; x_wconf 76' lang='lat' dir='ltr'><strong><em>toparchae</em></strong></span> <span class='ocrx_word' id='word_1_130' title='bbox 1000 1432 1134 1486; x_wconf 81' lang='lat' dir='ltr'><strong><em>dissidia.-</em></strong></span> <span class='ocrx_word' id='word_1_131' title='bbox 1159 1437 1220 1487; x_wconf 83' lang='lat' dir='ltr'><strong><em>rul-</em></strong></span> 
     </span>
     <span class='ocr_line' id='line_1_17' title="bbox 121 1501 1219 1576; baseline 0.005 -24"><span class='ocrx_word' id='word_1_132' title='bbox 121 1517 211 1556; x_wconf 77' lang='lat' dir='ltr'><strong><em>tanus</em></strong></span> <span class='ocrx_word' id='word_1_133' title='bbox 233 1501 274 1554; x_wconf 84' lang='lat' dir='ltr'><strong><em>ad</em></strong></span> <span class='ocrx_word' id='word_1_134' title='bbox 300 1505 461 1556; x_wconf 80' lang='lat' dir='ltr'><strong><em>Manuelem</em></strong></span> <span class='ocrx_word' id='word_1_135' title='bbox 489 1501 652 1574; x_wconf 77' lang='lat' dir='ltr'><strong><em>confugiens</em></strong></span> <span class='ocrx_word' id='word_1_136' title='bbox 675 1505 822 1574; x_wconf 77' lang='lat' dir='ltr'><strong><em>magnifice</em></strong></span> <span class='ocrx_word' id='word_1_137' title='bbox 846 1507 994 1576; x_wconf 78' lang='lat' dir='ltr'><strong><em>excipitur.</em></strong></span> <span class='ocrx_word' id='word_1_138' title='bbox 1025 1517 1219 1562; x_wconf 70' lang='lat' dir='ltr'><strong><em>terraemotus</em></strong></span> 
     </span>
     <span class='ocr_line' id='line_1_18' title="bbox 124 1573 1220 1645; baseline 0.004 -21"><span class='ocrx_word' id='word_1_139' title='bbox 124 1585 295 1644; x_wconf 74' lang='lat' dir='ltr'><strong><em>apparatum</em></strong></span> <span class='ocrx_word' id='word_1_140' title='bbox 319 1591 414 1625; x_wconf 85' lang='lat' dir='ltr'><strong><em>eorum</em></strong></span> <span class='ocrx_word' id='word_1_141' title='bbox 446 1573 547 1626; x_wconf 80' lang='lat' dir='ltr'><strong><em>turbat.</em></strong></span> <span class='ocrx_word' id='word_1_142' title='bbox 590 1578 733 1642; x_wconf 76' lang='lat' dir='ltr'><strong><em>Agerenus</em></strong></span> <span class='ocrx_word' id='word_1_143' title='bbox 752 1575 882 1645; x_wconf 84' lang='lat' dir='ltr'><strong><em>quidam,</em></strong></span> <span class='ocrx_word' id='word_1_144' title='bbox 910 1591 999 1626; x_wconf 81' lang='lat' dir='ltr'><strong><em>nouus</em></strong></span> <span class='ocrx_word' id='word_1_145' title='bbox 1016 1575 1131 1637; x_wconf 84' lang='lat' dir='ltr'><strong><em>icarus,</em></strong></span> <span class='ocrx_word' id='word_1_146' title='bbox 1150 1592 1220 1628; x_wconf 84' lang='lat' dir='ltr'><strong><em>suae</em></strong></span> 
     </span>
     <span class='ocr_line' id='line_1_19' title="bbox 126 1643 1219 1714; baseline 0.001 -19"><span class='ocrx_word' id='word_1_147' title='bbox 126 1644 296 1695; x_wconf 67' lang='lat' dir='ltr'><strong><em>tenen&#39;tatis</em></strong></span> <span class='ocrx_word' id='word_1_148' title='bbox 318 1643 373 1694; x_wconf 89' lang='lat' dir='ltr'><strong><em>luit</em></strong></span> <span class='ocrx_word' id='word_1_149' title='bbox 398 1659 504 1714; x_wconf 87' lang='lat' dir='ltr'><strong><em>poenas</em></strong></span> <span class='ocrx_word' id='word_1_150' title='bbox 523 1645 569 1708; x_wconf 89' lang='grc'>(5).</span> <span class='ocrx_word' id='word_1_151' title='bbox 615 1643 823 1712; x_wconf 77' lang='lat' dir='ltr'><strong><em>Clreastlsianes</em></strong></span> <span class='ocrx_word' id='word_1_152' title='bbox 841 1646 933 1698; x_wconf 90' lang='lat' dir='ltr'><strong><em>Iconii</em></strong></span> <span class='ocrx_word' id='word_1_153' title='bbox 950 1644 1077 1695; x_wconf 82' lang='lat' dir='ltr'><strong><em>sullanus</em></strong></span> <span class='ocrx_word' id='word_1_154' title='bbox 1094 1645 1219 1707; x_wconf 72' lang='lat' dir='ltr'><strong><em>ingenti·</em></strong></span> 
     </span>
     <span class='ocr_line' id='line_1_20' title="bbox 126 1711 1218 1784; baseline 0.004 -22"><span class='ocrx_word' id='word_1_155' title='bbox 126 1713 179 1764; x_wconf 77' lang='lat' dir='ltr'><strong><em>tas</em></strong></span> <span class='ocrx_word' id='word_1_156' title='bbox 198 1711 282 1764; x_wconf 85' lang='lat' dir='ltr'><strong><em>donis</em></strong></span> <span class='ocrx_word' id='word_1_157' title='bbox 306 1731 326 1764; x_wconf 90' lang='lat' dir='ltr'><strong><em>a</em></strong></span> <span class='ocrx_word' id='word_1_158' title='bbox 343 1713 474 1764; x_wconf 81' lang='lat' dir='ltr'><strong><em>idanuele</em></strong></span> <span class='ocrx_word' id='word_1_159' title='bbox 501 1713 641 1784; x_wconf 64' lang='lat' dir='ltr'><strong><em>affictus,</em></strong></span> <span class='ocrx_word' id='word_1_160' title='bbox 673 1716 797 1768; x_wconf 87' lang='lat' dir='ltr'><strong><em>Iconium</em></strong></span> <span class='ocrx_word' id='word_1_161' title='bbox 825 1733 953 1768; x_wconf 85' lang='lat' dir='ltr'><strong><em>reversus</em></strong></span> <span class='ocrx_word' id='word_1_162' title='bbox 975 1711 1059 1780; x_wconf 76' lang='lat' dir='ltr'><strong><em>fidem</em></strong></span> <span class='ocrx_word' id='word_1_163' title='bbox 1067 1715 1170 1782; x_wconf 81' lang='lat' dir='ltr'><strong><em>saliit,</em></strong></span> <span class='ocrx_word' id='word_1_164' title='bbox 1191 1727 1218 1766; x_wconf 89' lang='lat' dir='ltr'><strong><em>et</em></strong></span> 
     </span>
     <span class='ocr_line' id='line_1_21' title="bbox 127 1781 1217 1855; baseline 0.002 -21"><span class='ocrx_word' id='word_1_165' title='bbox 127 1782 271 1838; x_wconf 74' lang='lat' dir='ltr'><strong><em>llanuelis</em></strong></span> <span class='ocrx_word' id='word_1_166' title='bbox 290 1781 416 1836; x_wconf 81' lang='lat' dir='ltr'><strong><em>subditos</em></strong></span> <span class='ocrx_word' id='word_1_167' title='bbox 431 1795 516 1834; x_wconf 77' lang='lat' dir='ltr'><strong><em>vexat</em></strong></span> <span class='ocrx_word' id='word_1_168' title='bbox 535 1797 616 1854; x_wconf 88' lang='lat' dir='ltr'><strong><em>atque</em></strong></span> <span class='ocrx_word' id='word_1_169' title='bbox 635 1799 776 1855; x_wconf 71' lang='lat' dir='ltr'><strong><em>oppugnat</em></strong></span> <span class='ocrx_word' id='word_1_170' title='bbox 783 1785 831 1852; x_wconf 88' lang='grc'>(6).</span> <span class='ocrx_word' id='word_1_171' title='bbox 865 1786 970 1839; x_wconf 81' lang='lat' dir='ltr'><strong><em>Fucato</em></strong></span> <span class='ocrx_word' id='word_1_172' title='bbox 987 1785 1094 1836; x_wconf 65' lang='lat' dir='ltr'><strong><em>salttum</em></strong></span> <span class='ocrx_word' id='word_1_173' title='bbox 1111 1795 1138 1839; x_wconf 87' lang='lat' dir='ltr'><strong><em>et</em></strong></span> <span class='ocrx_word' id='word_1_174' title='bbox 1150 1785 1217 1836; x_wconf 87' lang='lat' dir='ltr'><strong><em>Ma·</em></strong></span> 
     </span>
     <span class='ocr_line' id='line_1_22' title="bbox 127 1851 1013 1922; baseline 0.002 -18"><span class='ocrx_word' id='word_1_175' title='bbox 127 1853 217 1904; x_wconf 75' lang='lat' dir='ltr'><strong><em>metir</em></strong></span> <span class='ocrx_word' id='word_1_176' title='bbox 237 1853 385 1917; x_wconf 86' lang='lat' dir='ltr'><strong><em>amicitia‚·</em></strong></span> <span class='ocrx_word' id='word_1_177' title='bbox 402 1851 474 1904; x_wconf 89' lang='lat' dir='ltr'><strong><em>unde</em></strong></span> <span class='ocrx_word' id='word_1_178' title='bbox 493 1857 667 1907; x_wconf 82' lang='lat' dir='ltr'><strong><em>vastationes</em></strong></span> <span class='ocrx_word' id='word_1_179' title='bbox 684 1867 711 1906; x_wconf 89' lang='lat' dir='ltr'><strong><em>ct</em></strong></span> <span class='ocrx_word' id='word_1_180' title='bbox 728 1853 821 1906; x_wconf 79' lang='lat' dir='ltr'><strong><em>clades</em></strong></span> <span class='ocrx_word' id='word_1_181' title='bbox 836 1869 945 1908; x_wconf 86' lang='lat' dir='ltr'><strong><em>nurtuae</em></strong></span> <span class='ocrx_word' id='word_1_182' title='bbox 964 1852 1013 1922; x_wconf 75' lang='lat'><strong><em>(7)</em></strong></span> 
     </span>
    </p>

    <p class='ocr_par' dir='ltr' id='par_1_3' title="bbox 119 1921 1351 3254">
     <span class='ocr_line' id='line_1_23' title="bbox 197 1921 1217 1996; baseline -0.001 -24"><span class='ocrx_word' id='word_1_183' title='bbox 197 1921 253 1972; x_wconf 76' lang='lat' dir='ltr'><strong><em>Les.</em></strong></span> <span class='ocrx_word' id='word_1_184' title='bbox 272 1921 320 1980; x_wconf 83' lang='lat' dir='ltr'><strong><em>tv,</em></strong></span> <span class='ocrx_word' id='word_1_185' title='bbox 355 1924 472 1975; x_wconf 82' lang='lat' dir='ltr'><strong><em>Manuci</em></strong></span> <span class='ocrx_word' id='word_1_186' title='bbox 488 1923 601 1996; x_wconf 80' lang='lat' dir='ltr'><strong><em>affinem</em></strong></span> <span class='ocrx_word' id='word_1_187' title='bbox 619 1925 799 1994; x_wconf 85' lang='lat' dir='ltr'><strong><em>Stephanum,</em></strong></span> <span class='ocrx_word' id='word_1_188' title='bbox 817 1929 978 1977; x_wconf 81' lang='lat' dir='ltr'><strong><em>Hunnorum</em></strong></span> <span class='ocrx_word' id='word_1_189' title='bbox 997 1923 1072 1990; x_wconf 77' lang='lat' dir='ltr'><strong><em>regis</em></strong></span> <span class='ocrx_word' id='word_1_190' title='bbox 1081 1921 1217 1992; x_wconf 69' lang='lat' dir='ltr'><strong><em>fratrem,</em></strong></span> 
     </span>
     <span class='ocr_line' id='line_1_24' title="bbox 119 1989 1220 2063; baseline -0.002 -21"><span class='ocrx_word' id='word_1_191' title='bbox 119 1991 234 2062; x_wconf 63' lang='lat' dir='ltr'><strong><em>frustm</em></strong></span> <span class='ocrx_word' id='word_1_192' title='bbox 253 1991 420 2044; x_wconf 85' lang='lat' dir='ltr'><strong><em>Pannoniae</em></strong></span> <span class='ocrx_word' id='word_1_193' title='bbox 444 2011 532 2062; x_wconf 72' lang='lat' dir='ltr'><strong><em>regem</em></strong></span> <span class='ocrx_word' id='word_1_194' title='bbox 540 1993 642 2063; x_wconf 78' lang='lat' dir='ltr'><strong><em>fircera</em></strong></span> <span class='ocrx_word' id='word_1_195' title='bbox 670 2005 809 2045; x_wconf 75' lang='lat' dir='ltr'><strong><em>conatur.-</em></strong></span> <span class='ocrx_word' id='word_1_196' title='bbox 832 2011 896 2046; x_wconf 86' lang='lat' dir='ltr'><strong><em>nom</em></strong></span> <span class='ocrx_word' id='word_1_197' title='bbox 913 1989 1067 2060; x_wconf 82' lang='lat' dir='ltr'><strong><em>Stephanus</em></strong></span> <span class='ocrx_word' id='word_1_198' title='bbox 1084 1989 1119 2040; x_wconf 84' lang='lat' dir='ltr'><strong><em>air</em></strong></span> <span class='ocrx_word' id='word_1_199' title='bbox 1137 1991 1220 2046; x_wconf 84' lang='lat' dir='ltr'><strong><em>liun-</em></strong></span> 
     </span>
     <span class='ocr_line' id='line_1_25' title="bbox 125 2056 1218 2134; baseline 0 -23"><span class='ocrx_word' id='word_1_200' title='bbox 125 2062 174 2112; x_wconf 85' lang='lat' dir='ltr'><strong><em>nis</em></strong></span> <span class='ocrx_word' id='word_1_201' title='bbox 190 2078 296 2113; x_wconf 77' lang='lat' dir='ltr'><strong><em>veneno</em></strong></span> <span class='ocrx_word' id='word_1_202' title='bbox 317 2063 447 2124; x_wconf 87' lang='lat' dir='ltr'><strong><em>tollitur,</em></strong></span> <span class='ocrx_word' id='word_1_203' title='bbox 467 2063 566 2134; x_wconf 83' lang='lat' dir='ltr'><strong><em>quibus</em></strong></span> <span class='ocrx_word' id='word_1_204' title='bbox 585 2064 703 2116; x_wconf 84' lang='lat' dir='ltr'><strong><em>Manuti</em></strong></span> <span class='ocrx_word' id='word_1_205' title='bbox 724 2062 822 2112; x_wconf 84' lang='lat' dir='ltr'><strong><em>hellam</em></strong></span> <span class='ocrx_word' id='word_1_206' title='bbox 841 2061 942 2112; x_wconf 87' lang='lat' dir='ltr'><strong><em>indicit</em></strong></span> <span class='ocrx_word' id='word_1_207' title='bbox 957 2058 1006 2127; x_wconf 79' lang='grc' dir='ltr'>(ι).</span> <span class='ocrx_word' id='word_1_208' title='bbox 1040 2056 1218 2113; x_wconf 81' lang='lat' dir='ltr'><strong><em>Aurirorn&#39;cus</em></strong></span> 
     </span>
     <span class='ocr_line' id='line_1_26' title="bbox 126 2125 1218 2213; baseline -0.002 -30"><span class='ocrx_word' id='word_1_209' title='bbox 126 2132 209 2183; x_wconf 70' lang='lat' dir='ltr'><strong><em>senei</em></strong></span> <span class='ocrx_word' id='word_1_210' title='bbox 225 2145 255 2183; x_wconf 83' lang='lat' dir='ltr'><strong><em>et</em></strong></span> <span class='ocrx_word' id='word_1_211' title='bbox 281 2133 383 2184; x_wconf 84' lang='lat' dir='ltr'><strong><em>iterum</em></strong></span> <span class='ocrx_word' id='word_1_212' title='bbox 400 2132 537 2184; x_wconf 89' lang='lat' dir='ltr'><strong><em>mirandis</em></strong></span> <span class='ocrx_word' id='word_1_213' title='bbox 561 2133 670 2185; x_wconf 85' lang='lat' dir='ltr'><strong><em>artibus</em></strong></span> <span class='ocrx_word' id='word_1_214' title='bbox 695 2132 819 2184; x_wconf 84' lang='lat' dir='ltr'><strong><em>vinculis</em></strong></span> <span class='ocrx_word' id='word_1_215' title='bbox 836 2130 944 2213; x_wconf 85' lang='lat' dir='ltr'><strong><em>elapsus</em></strong></span> <span class='ocrx_word' id='word_1_216' title='bbox 961 2125 1070 2180; x_wconf 87' lang='lat' dir='ltr'><strong><em>tandem</em></strong></span> <span class='ocrx_word' id='word_1_217' title='bbox 1088 2129 1218 2182; x_wconf 81' lang='lat' dir='ltr'><strong><em>Manutii</em></strong></span> 
     </span>
     <span class='ocr_line' id='line_1_27' title="bbox 123 2198 1216 2272; baseline -0.004 -18"><span class='ocrx_word' id='word_1_218' title='bbox 123 2201 251 2272; x_wconf 78' lang='lat' dir='ltr'><strong><em>patrueli</em></strong></span> <span class='ocrx_word' id='word_1_219' title='bbox 265 2203 470 2254; x_wconf 88' lang='lat' dir='ltr'><strong><em>reconciliatur</em></strong></span> <span class='ocrx_word' id='word_1_220' title='bbox 490 2203 538 2272; x_wconf 83' lang='lat'><strong><em>(2).</em></strong></span> <span class='ocrx_word' id='word_1_221' title='bbox 573 2203 721 2256; x_wconf 84' lang='lat' dir='ltr'><strong><em>Michaelis</em></strong></span> <span class='ocrx_word' id='word_1_222' title='bbox 742 2203 855 2253; x_wconf 81' lang='lat' dir='ltr'><strong><em>Branae</em></strong></span> <span class='ocrx_word' id='word_1_223' title='bbox 870 2200 1037 2269; x_wconf 76' lang='lat' dir='ltr'><strong><em>ingenuitas.</em></strong></span> <span class='ocrx_word' id='word_1_224' title='bbox 1074 2198 1216 2252; x_wconf 83' lang='lat' dir='ltr'><strong><em>Manuelis</em></strong></span> 
     </span>
     <span class='ocr_line' id='line_1_28' title="bbox 125 2268 1237 2343; baseline -0.002 -21"><span class='ocrx_word' id='word_1_225' title='bbox 125 2272 290 2323; x_wconf 79' lang='lat' dir='ltr'><strong><em>Pannonica</em></strong></span> <span class='ocrx_word' id='word_1_226' title='bbox 309 2271 468 2342; x_wconf 71' lang='lat' dir='ltr'><strong><em>expeditio,</em></strong></span> <span class='ocrx_word' id='word_1_227' title='bbox 494 2285 521 2324; x_wconf 89' lang='lat' dir='ltr'><strong><em>et</em></strong></span> <span class='ocrx_word' id='word_1_228' title='bbox 538 2273 686 2343; x_wconf 79' lang='lat' dir='ltr'><strong><em>Zeugmini</em></strong></span> <span class='ocrx_word' id='word_1_229' title='bbox 708 2271 806 2343; x_wconf 83' lang='lat' dir='ltr'><strong><em>oppidi</em></strong></span> <span class='ocrx_word' id='word_1_230' title='bbox 822 2269 1015 2340; x_wconf 84' lang='lat' dir='ltr'><strong><em>recuperatio,</em></strong></span> <span class='ocrx_word' id='word_1_231' title='bbox 1035 2270 1066 2320; x_wconf 90' lang='lat' dir='ltr'><strong><em>in</em></strong></span> <span class='ocrx_word' id='word_1_232' title='bbox 1085 2286 1142 2340; x_wconf 84' lang='lat' dir='ltr'><strong><em>qua</em></strong></span> <span class='ocrx_word' id='word_1_233' title='bbox 1159 2285 1212 2320; x_wconf 84' lang='lat' dir='ltr'><strong><em>va·</em></strong></span> <span class='ocrx_word' id='word_1_234' title='bbox 1233 2268 1237 2277; x_wconf 85' lang='grc'><strong>’</strong></span> 
     </span>
     <span class='ocr_line' id='line_1_29' title="bbox 124 2335 1209 2413; baseline -0.002 -21"><span class='ocrx_word' id='word_1_235' title='bbox 124 2345 187 2393; x_wconf 88' lang='lat' dir='ltr'><strong><em>riae</em></strong></span> <span class='ocrx_word' id='word_1_236' title='bbox 210 2341 279 2392; x_wconf 82' lang='lat' dir='ltr'><strong><em>helii</em></strong></span> <span class='ocrx_word' id='word_1_237' title='bbox 298 2342 395 2412; x_wconf 86' lang='lat' dir='ltr'><strong><em>socies</em></strong></span> <span class='ocrx_word' id='word_1_238' title='bbox 413 2343 460 2413; x_wconf 83' lang='lat'><strong><em>(3).</em></strong></span> <span class='ocrx_word' id='word_1_239' title='bbox 503 2343 588 2394; x_wconf 85' lang='lat' dir='ltr'><strong><em>Deser</em></strong></span> <span class='ocrx_word' id='word_1_240' title='bbox 604 2345 718 2395; x_wconf 88' lang='lat' dir='ltr'><strong><em>Serviae</em></strong></span> <span class='ocrx_word' id='word_1_241' title='bbox 734 2341 846 2412; x_wconf 82' lang='lat' dir='ltr'><strong><em>despota</em></strong></span> <span class='ocrx_word' id='word_1_242' title='bbox 864 2343 974 2410; x_wconf 76' lang='lat' dir='ltr'><strong><em>cogitur</em></strong></span> <span class='ocrx_word' id='word_1_243' title='bbox 991 2335 1030 2388; x_wconf 88' lang='lat' dir='ltr'><strong><em>ad</em></strong></span> <span class='ocrx_word' id='word_1_244' title='bbox 1045 2338 1209 2411; x_wconf 82' lang='lat' dir='ltr'><strong><em>obsequium.</em></strong></span> 
     </span>
     <span class='ocr_line' id='line_1_30' title="bbox 124 2407 1351 2528; baseline -0.002 -66"><span class='ocrx_word' id='word_1_245' title='bbox 124 2411 241 2463; x_wconf 75' lang='lat' dir='ltr'><strong><em>etesias</em></strong></span> <span class='ocrx_word' id='word_1_246' title='bbox 266 2413 437 2482; x_wconf 78' lang='lat' dir='ltr'><strong><em>Hungarur,</em></strong></span> <span class='ocrx_word' id='word_1_247' title='bbox 461 2413 574 2464; x_wconf 85' lang='lat' dir='ltr'><strong><em>Mariae</em></strong></span> <span class='ocrx_word' id='word_1_248' title='bbox 597 2413 736 2466; x_wconf 85' lang='lat' dir='ltr'><strong><em>Manneiis</em></strong></span> <span class='ocrx_word' id='word_1_249' title='bbox 760 2429 794 2466; x_wconf 85' lang='lat' dir='ltr'><strong><em>cst</em></strong></span> <span class='ocrx_word' id='word_1_250' title='bbox 810 2413 962 2463; x_wconf 87' lang='lat' dir='ltr'><strong><em>Alemanna</em></strong></span> <span class='ocrx_word' id='word_1_251' title='bbox 976 2407 1057 2478; x_wconf 79' lang='lat' dir='ltr'><strong><em>filiae</em></strong></span> <span class='ocrx_word' id='word_1_252' title='bbox 1075 2410 1210 2479; x_wconf 68' lang='lat' dir='ltr'><strong><em>manus,</em></strong></span> <span class='ocrx_word' id='word_1_253' title='bbox 1291 2419 1351 2528; x_wconf 67' lang='lat'>&lt;</span> 
     </span>
     <span class='ocr_line' id='line_1_31' title="bbox 122 2479 897 2550; baseline 0.004 -19"><span class='ocrx_word' id='word_1_254' title='bbox 122 2483 244 2550; x_wconf 69' lang='lat' dir='ltr'><strong><em>inperio</em></strong></span> <span class='ocrx_word' id='word_1_255' title='bbox 262 2479 427 2534; x_wconf 84' lang='lat' dir='ltr'><strong><em>destinaurr.</em></strong></span> <span class='ocrx_word' id='word_1_256' title='bbox 463 2481 623 2534; x_wconf 82' lang='lat' dir='ltr'><strong><em>Andronico</em></strong></span> <span class='ocrx_word' id='word_1_257' title='bbox 647 2501 676 2535; x_wconf 89' lang='lat' dir='ltr'><strong><em>re</em></strong></span> <span class='ocrx_word' id='word_1_258' title='bbox 690 2499 742 2534; x_wconf 70' lang='lat' dir='ltr'><strong><em>rav</em></strong></span> <span class='ocrx_word' id='word_1_259' title='bbox 892 2483 897 2493; x_wconf 94' lang='lat'>&#39;</span> 
     </span>
     <span class='ocr_line' id='line_1_32' title="bbox 122 2547 1213 2621; baseline -0.002 -21"><span class='ocrx_word' id='word_1_260' title='bbox 122 2553 172 2602; x_wconf 81' lang='lat' dir='ltr'><strong><em>nio</em></strong></span> <span class='ocrx_word' id='word_1_261' title='bbox 201 2551 357 2621; x_wconf 76' lang='lat' dir='ltr'><strong><em>infiliciter</em></strong></span> <span class='ocrx_word' id='word_1_262' title='bbox 386 2552 484 2604; x_wconf 84' lang='lat' dir='ltr'><strong><em>heilum</em></strong></span> <span class='ocrx_word' id='word_1_263' title='bbox 502 2555 575 2621; x_wconf 81' lang='lat' dir='ltr'><strong><em>gerit</em></strong></span> <span class='ocrx_word' id='word_1_264' title='bbox 593 2555 640 2618; x_wconf 74' lang='grc'>(4).</span> <span class='ocrx_word' id='word_1_265' title='bbox 687 2551 863 2606; x_wconf 84' lang='lat' dir='ltr'><strong><em>Andronicus</em></strong></span> <span class='ocrx_word' id='word_1_266' title='bbox 879 2550 914 2603; x_wconf 86' lang='lat' dir='ltr'><strong><em>oh</em></strong></span> <span class='ocrx_word' id='word_1_267' title='bbox 935 2547 1051 2599; x_wconf 76' lang='lat' dir='ltr'><strong><em>deiciens</em></strong></span> <span class='ocrx_word' id='word_1_268' title='bbox 1069 2563 1128 2599; x_wconf 91' lang='lat' dir='ltr'><strong><em>cum</em></strong></span> <span class='ocrx_word' id='word_1_269' title='bbox 1144 2547 1213 2600; x_wconf 82' lang='lat' dir='ltr'><strong><em>Phi·-</em></strong></span> 
     </span>
     <span class='ocr_line' id='line_1_33' title="bbox 121 2616 1211 2692; baseline -0.002 -22"><span class='ocrx_word' id='word_1_270' title='bbox 121 2622 200 2692; x_wconf 87' lang='lat' dir='ltr'><strong><em>iippa</em></strong></span> <span class='ocrx_word' id='word_1_271' title='bbox 219 2623 407 2691; x_wconf 84' lang='lat' dir='ltr'><strong><em>imperatricis</em></strong></span> <span class='ocrx_word' id='word_1_272' title='bbox 435 2640 532 2675; x_wconf 90' lang='lat' dir='ltr'><strong><em>sorore</em></strong></span> <span class='ocrx_word' id='word_1_273' title='bbox 556 2636 583 2675; x_wconf 88' lang='lat' dir='ltr'><strong><em>et</em></strong></span> <span class='ocrx_word' id='word_1_274' title='bbox 602 2616 745 2675; x_wconf 84' lang='lat' dir='ltr'><strong><em>Theodora</em></strong></span> <span class='ocrx_word' id='word_1_275' title='bbox 763 2621 898 2674; x_wconf 84' lang='lat' dir='ltr'><strong><em>Balduini</em></strong></span> <span class='ocrx_word' id='word_1_276' title='bbox 915 2617 1003 2671; x_wconf 86' lang='lat' dir='ltr'><strong><em>vidua</em></strong></span> <span class='ocrx_word' id='word_1_277' title='bbox 1022 2635 1130 2671; x_wconf 89' lang='lat' dir='ltr'><strong><em>amores</em></strong></span> <span class='ocrx_word' id='word_1_278' title='bbox 1146 2619 1211 2670; x_wconf 87' lang='lat' dir='ltr'><strong><em>Ma-</em></strong></span> 
     </span>
     <span class='ocr_line' id='line_1_34' title="bbox 121 2685 1212 2762; baseline -0.005 -19"><span class='ocrx_word' id='word_1_279' title='bbox 121 2693 201 2743; x_wconf 88' lang='lat' dir='ltr'><strong><em>nsteii</em></strong></span> <span class='ocrx_word' id='word_1_280' title='bbox 217 2709 331 2754; x_wconf 65' lang='lat' dir='ltr'><strong><em>nasus,</em></strong></span> <span class='ocrx_word' id='word_1_281' title='bbox 349 2694 434 2743; x_wconf 81' lang='lat' dir='ltr'><strong><em>varia</em></strong></span> <span class='ocrx_word' id='word_1_282' title='bbox 454 2695 577 2760; x_wconf 77' lang='lat' dir='ltr'><strong><em>agitatus</em></strong></span> <span class='ocrx_word' id='word_1_283' title='bbox 584 2692 727 2762; x_wconf 88' lang='lat' dir='ltr'><strong><em>fortuna,</em></strong></span> <span class='ocrx_word' id='word_1_284' title='bbox 746 2709 805 2744; x_wconf 90' lang='lat' dir='ltr'><strong><em>eum</em></strong></span> <span class='ocrx_word' id='word_1_285' title='bbox 825 2692 913 2743; x_wconf 85' lang='lat' dir='ltr'><strong><em>trihus</em></strong></span> <span class='ocrx_word' id='word_1_286' title='bbox 930 2689 1025 2740; x_wconf 83' lang='lat' dir='ltr'><strong><em>liberis</em></strong></span> <span class='ocrx_word' id='word_1_287' title='bbox 1042 2701 1068 2739; x_wconf 90' lang='lat' dir='ltr'><strong><em>et</em></strong></span> <span class='ocrx_word' id='word_1_288' title='bbox 1087 2685 1212 2740; x_wconf 68' lang='lat' dir='ltr'><strong><em>dheodo-</em></strong></span> 
     </span>
     <span class='ocr_line' id='line_1_35' title="bbox 121 2758 1211 2832; baseline -0.005 -20"><span class='ocrx_word' id='word_1_289' title='bbox 121 2779 157 2812; x_wconf 68' lang='grc' dir='ltr'><strong><em>τι</em></strong></span> <span class='ocrx_word' id='word_1_290' title='bbox 174 2759 216 2813; x_wconf 88' lang='lat' dir='ltr'><strong><em>ad</em></strong></span> <span class='ocrx_word' id='word_1_291' title='bbox 235 2761 373 2814; x_wconf 85' lang='lat' dir='ltr'><strong><em>sultanum</em></strong></span> <span class='ocrx_word' id='word_1_292' title='bbox 385 2761 553 2814; x_wconf 83' lang='lat' dir='ltr'><strong><em>Chaldaeum</em></strong></span> <span class='ocrx_word' id='word_1_293' title='bbox 570 2763 695 2832; x_wconf 76' lang='lat' dir='ltr'><strong><em>confugit</em></strong></span> <span class='ocrx_word' id='word_1_294' title='bbox 713 2763 761 2832; x_wconf 86' lang='lat'><strong><em>(5).</em></strong></span> <span class='ocrx_word' id='word_1_295' title='bbox 794 2763 911 2816; x_wconf 74' lang='lat' dir='ltr'><strong><em>Manat</em></strong></span> <span class='ocrx_word' id='word_1_296' title='bbox 927 2760 1056 2829; x_wconf 87' lang='lat' dir='ltr'><strong><em>princeps</em></strong></span> <span class='ocrx_word' id='word_1_297' title='bbox 1071 2758 1211 2810; x_wconf 84' lang='lat' dir='ltr'><strong><em>sollicitus</em></strong></span> 
     </span>
     <span class='ocr_line' id='line_1_36' title="bbox 122 2825 1211 2902; baseline -0.002 -20"><span class='ocrx_word' id='word_1_298' title='bbox 122 2844 149 2882; x_wconf 87' lang='lat' dir='ltr'><strong><em>et</em></strong></span> <span class='ocrx_word' id='word_1_299' title='bbox 169 2833 303 2900; x_wconf 75' lang='lat' dir='ltr'><strong><em>suspicax</em></strong></span> <span class='ocrx_word' id='word_1_300' title='bbox 320 2833 447 2884; x_wconf 75' lang='lat' dir='ltr'><strong><em>Alesiam</em></strong></span> <span class='ocrx_word' id='word_1_301' title='bbox 464 2845 692 2902; x_wconf 84' lang='lat' dir='ltr'><strong><em>protostratorem</em></strong></span> <span class='ocrx_word' id='word_1_302' title='bbox 712 2833 805 2885; x_wconf 84' lang='lat' dir='ltr'><strong><em>virum</em></strong></span> <span class='ocrx_word' id='word_1_303' title='bbox 824 2836 999 2885; x_wconf 84' lang='lat' dir='ltr'><strong><em>innocentem</em></strong></span> <span class='ocrx_word' id='word_1_304' title='bbox 1017 2825 1055 2879; x_wconf 88' lang='lat' dir='ltr'><strong><em>od</em></strong></span> <span class='ocrx_word' id='word_1_305' title='bbox 1071 2826 1211 2880; x_wconf 81' lang='lat' dir='ltr'><strong><em>cucullum</em></strong></span> 
     </span>
     <span class='ocr_line' id='line_1_37' title="bbox 122 2897 1209 2979; baseline -0.005 -27"><span class='ocrx_word' id='word_1_306' title='bbox 122 2899 294 2952; x_wconf 84' lang='lat' dir='ltr'><strong><em>induendum</em></strong></span> <span class='ocrx_word' id='word_1_307' title='bbox 323 2901 422 2972; x_wconf 81' lang='lat' dir='ltr'><strong><em>adigit.</em></strong></span> <span class='ocrx_word' id='word_1_308' title='bbox 449 2900 521 2953; x_wconf 88' lang='lat' dir='ltr'><strong><em>unde</em></strong></span> <span class='ocrx_word' id='word_1_309' title='bbox 547 2905 676 2956; x_wconf 85' lang='lat' dir='ltr'><strong><em>Mnnueli</em></strong></span> <span class='ocrx_word' id='word_1_310' title='bbox 701 2906 732 2954; x_wconf 93' lang='lat' dir='ltr'><strong><em>in</em></strong></span> <span class='ocrx_word' id='word_1_311' title='bbox 763 2905 888 2954; x_wconf 81' lang='lat' dir='ltr'><strong><em>Aiexium</em></strong></span> <span class='ocrx_word' id='word_1_312' title='bbox 911 2899 1000 2949; x_wconf 83' lang='lat' dir='ltr'><strong><em>malus</em></strong></span> <span class='ocrx_word' id='word_1_313' title='bbox 1024 2898 1133 2949; x_wconf 88' lang='lat' dir='ltr'><strong><em>animus</em></strong></span> <span class='ocrx_word' id='word_1_314' title='bbox 1159 2897 1209 2979; x_wconf 70' lang='lat'><strong><em>(6).</em></strong></span> 
     </span>
     <span class='ocr_line' id='line_1_38' title="bbox 122 2964 1212 3042; baseline -0.007 -18"><span class='ocrx_word' id='word_1_315' title='bbox 122 2977 239 3032; x_wconf 74' lang='lat' dir='ltr'><strong><em>Acron,</em></strong></span> <span class='ocrx_word' id='word_1_316' title='bbox 260 2971 386 3032; x_wconf 83' lang='lat' dir='ltr'><strong><em>Selenes,</em></strong></span> <span class='ocrx_word' id='word_1_317' title='bbox 404 2971 557 3037; x_wconf 75' lang='lat' dir='ltr'><strong><em>Sicydites,</em></strong></span> <span class='ocrx_word' id='word_1_318' title='bbox 576 2975 699 3042; x_wconf 73' lang='lat' dir='ltr'><strong><em>insignes</em></strong></span> <span class='ocrx_word' id='word_1_319' title='bbox 717 2974 881 3032; x_wconf 80' lang='lat' dir='ltr'><strong><em>nebulones,</em></strong></span> <span class='ocrx_word' id='word_1_320' title='bbox 903 2970 935 3022; x_wconf 85' lang='lat' dir='ltr'><strong><em>oh</em></strong></span> <span class='ocrx_word' id='word_1_321' title='bbox 954 2969 1071 3036; x_wconf 75' lang='lat' dir='ltr'><strong><em>magiam</em></strong></span> <span class='ocrx_word' id='word_1_322' title='bbox 1090 2964 1212 3036; x_wconf 79' lang='lat' dir='ltr'><strong><em>perfide-</em></strong></span> 
     </span>
     <span class='ocr_line' id='line_1_39' title="bbox 123 3037 1213 3112; baseline -0.006 -19"><span class='ocrx_word' id='word_1_323' title='bbox 123 3060 167 3093; x_wconf 74' lang='grc' dir='ltr'><strong><em>ω</em></strong></span> <span class='ocrx_word' id='word_1_324' title='bbox 185 3055 213 3092; x_wconf 89' lang='lat' dir='ltr'><strong><em>et</em></strong></span> <span class='ocrx_word' id='word_1_325' title='bbox 230 3041 387 3092; x_wconf 84' lang='lat' dir='ltr'><strong><em>calumnias</em></strong></span> <span class='ocrx_word' id='word_1_326' title='bbox 414 3045 573 3109; x_wconf 75' lang='lat' dir='ltr'><strong><em>excaecat,-</em></strong></span> <span class='ocrx_word' id='word_1_327' title='bbox 598 3056 626 3095; x_wconf 85' lang='lat' dir='ltr'><strong><em>et</em></strong></span> <span class='ocrx_word' id='word_1_328' title='bbox 651 3045 760 3095; x_wconf 84' lang='lat' dir='ltr'><strong><em>Aaront&#39;</em></strong></span> <span class='ocrx_word' id='word_1_329' title='bbox 775 3056 872 3112; x_wconf 87' lang='lat' dir='ltr'><strong><em>postea</em></strong></span> <span class='ocrx_word' id='word_1_330' title='bbox 902 3039 996 3091; x_wconf 80' lang='lat' dir='ltr'><strong><em>isaaci</em></strong></span> <span class='ocrx_word' id='word_1_331' title='bbox 1015 3037 1114 3105; x_wconf 78' lang='lat' dir='ltr'><strong><em>Angeli</em></strong></span> <span class='ocrx_word' id='word_1_332' title='bbox 1132 3037 1213 3087; x_wconf 84' lang='lat' dir='ltr'><strong><em>iussu</em></strong></span> 
     </span>
     <span class='ocr_line' id='line_1_40' title="bbox 125 3103 1212 3184; baseline -0.007 -22"><span class='ocrx_word' id='word_1_333' title='bbox 125 3113 226 3176; x_wconf 76' lang='lat' dir='ltr'><strong><em>lingua</em></strong></span> <span class='ocrx_word' id='word_1_334' title='bbox 253 3123 358 3162; x_wconf 65' lang='lat' dir='ltr'><strong><em>uecta.</em></strong></span> <span class='ocrx_word' id='word_1_335' title='bbox 394 3113 511 3164; x_wconf 75' lang='lat' dir='ltr'><strong><em>Marsaci</em></strong></span> <span class='ocrx_word' id='word_1_336' title='bbox 541 3129 598 3164; x_wconf 89' lang='lat' dir='ltr'><strong><em>cum</em></strong></span> <span class='ocrx_word' id='word_1_337' title='bbox 616 3129 716 3184; x_wconf 75' lang='lat' dir='ltr'><strong><em>magna</em></strong></span> <span class='ocrx_word' id='word_1_338' title='bbox 736 3113 855 3170; x_wconf 89' lang='lat' dir='ltr'><strong><em>omnium</em></strong></span> <span class='ocrx_word' id='word_1_339' title='bbox 871 3110 968 3180; x_wconf 77' lang='lat' dir='ltr'><strong><em>gratia</em></strong></span> <span class='ocrx_word' id='word_1_340' title='bbox 988 3118 1014 3158; x_wconf 87' lang='lat' dir='ltr'><strong><em>et</em></strong></span> <span class='ocrx_word' id='word_1_341' title='bbox 1031 3103 1114 3158; x_wconf 84' lang='lat' dir='ltr'><strong><em>laude</em></strong></span> <span class='ocrx_word' id='word_1_342' title='bbox 1134 3119 1212 3155; x_wconf 85' lang='lat' dir='ltr'><strong><em>notra</em></strong></span> 
     </span>
     <span class='ocr_line' id='line_1_41' title="bbox 125 3179 1133 3254; baseline 0.002 -23"><span class='ocrx_word' id='word_1_343' title='bbox 125 3193 217 3234; x_wconf 77' lang='lat' dir='ltr'><strong><em>casua</em></strong></span> <span class='ocrx_word' id='word_1_344' title='bbox 235 3182 266 3231; x_wconf 89' lang='lat' dir='ltr'><strong><em>in</em></strong></span> <span class='ocrx_word' id='word_1_345' title='bbox 286 3184 352 3232; x_wconf 88' lang='lat' dir='ltr'><strong><em>Asia</em></strong></span> <span class='ocrx_word' id='word_1_346' title='bbox 371 3179 466 3232; x_wconf 88' lang='lat' dir='ltr'><strong><em>condit</em></strong></span> <span class='ocrx_word' id='word_1_347' title='bbox 483 3181 530 3252; x_wconf 85' lang='lat'><strong><em>(7).</em></strong></span> <span class='ocrx_word' id='word_1_348' title='bbox 1127 3243 1133 3254; x_wconf 37' lang='grc' dir='ltr'>Ι</span> 
     </span>
    </p>

    <p class='ocr_par' dir='ltr' id='par_1_4' title="bbox 121 3245 1217 4304">
     <span class='ocr_line' id='line_1_42' title="bbox 196 3245 1214 3323; baseline -0.008 -23"><span class='ocrx_word' id='word_1_349' title='bbox 196 3251 250 3300; x_wconf 88' lang='lat' dir='ltr'><strong><em>Ln.</em></strong></span> <span class='ocrx_word' id='word_1_350' title='bbox 265 3250 299 3301; x_wconf 84' lang='lat' dir='ltr'><strong><em>V.</em></strong></span> <span class='ocrx_word' id='word_1_351' title='bbox 338 3253 456 3304; x_wconf 77' lang='lat' dir='ltr'><strong><em>Manerel</em></strong></span> <span class='ocrx_word' id='word_1_352' title='bbox 478 3269 512 3303; x_wconf 82' lang='lat' dir='ltr'><strong><em>esc</em></strong></span> <span class='ocrx_word' id='word_1_353' title='bbox 534 3249 641 3304; x_wconf 81' lang='lat' dir='ltr'><strong><em>duabus</em></strong></span> <span class='ocrx_word' id='word_1_354' title='bbox 659 3253 760 3304; x_wconf 86' lang='lat' dir='ltr'><strong><em>statuis</em></strong></span> <span class='ocrx_word' id='word_1_355' title='bbox 778 3253 869 3303; x_wconf 86' lang='lat' dir='ltr'><strong><em>altera</em></strong></span> <span class='ocrx_word' id='word_1_356' title='bbox 887 3259 978 3300; x_wconf 88' lang='lat' dir='ltr'><strong><em>erecta</em></strong></span> <span class='ocrx_word' id='word_1_357' title='bbox 998 3245 1214 3323; x_wconf 70' lang='lat' dir='ltr'><strong><em>alteraertcta,</em></strong></span> 
     </span>
     <span class='ocr_line' id='line_1_43' title="bbox 127 3316 1212 3391; baseline -0.006 -19"><span class='ocrx_word' id='word_1_358' title='bbox 127 3319 195 3372; x_wconf 80' lang='lat' dir='ltr'><strong><em>hello</em></strong></span> <span class='ocrx_word' id='word_1_359' title='bbox 212 3325 375 3390; x_wconf 73' lang='lat' dir='ltr'><strong><em>Hungarico</em></strong></span> <span class='ocrx_word' id='word_1_360' title='bbox 394 3321 580 3374; x_wconf 84' lang='lat' dir='ltr'><strong><em>Andronicum</em></strong></span> <span class='ocrx_word' id='word_1_361' title='bbox 602 3322 847 3391; x_wconf 80' lang='lat' dir='ltr'><strong><em>Contostcpisanum</em></strong></span> <span class='ocrx_word' id='word_1_362' title='bbox 865 3316 1008 3389; x_wconf 76' lang='lat' dir='ltr'><strong><em>praeficit,</em></strong></span> <span class='ocrx_word' id='word_1_363' title='bbox 1029 3325 1055 3362; x_wconf 83' lang='lat' dir='ltr'><strong><em>tt</em></strong></span> <span class='ocrx_word' id='word_1_364' title='bbox 1072 3323 1212 3366; x_wconf 78' lang='lat' dir='ltr'><strong><em>arctorrao</em></strong></span> 
     </span>
     <span class='ocr_line' id='line_1_44' title="bbox 126 3383 1210 3466; baseline -0.009 -24"><span class='ocrx_word' id='word_1_365' title='bbox 126 3407 204 3442; x_wconf 76' lang='lat' dir='ltr'><strong><em>osten</em></strong></span> <span class='ocrx_word' id='word_1_366' title='bbox 227 3409 263 3442; x_wconf 79' lang='lat' dir='ltr'><strong><em>ex</em></strong></span> <span class='ocrx_word' id='word_1_367' title='bbox 286 3395 417 3459; x_wconf 76' lang='lat' dir='ltr'><strong><em>Hungari</em></strong></span> <span class='ocrx_word' id='word_1_368' title='bbox 445 3393 526 3464; x_wconf 88' lang='lat' dir='ltr'><strong><em>lapsu</em></strong></span> <span class='ocrx_word' id='word_1_369' title='bbox 552 3393 662 3462; x_wconf 83' lang='lat' dir='ltr'><strong><em>arripit.</em></strong></span> <span class='ocrx_word' id='word_1_370' title='bbox 698 3393 842 3447; x_wconf 77' lang='lat' dir='ltr'><strong><em>Pannonii</em></strong></span> <span class='ocrx_word' id='word_1_371' title='bbox 868 3406 897 3439; x_wconf 89' lang='lat' dir='ltr'><strong><em>se</em></strong></span> <span class='ocrx_word' id='word_1_372' title='bbox 923 3384 961 3436; x_wconf 88' lang='lat' dir='ltr'><strong><em>ad</em></strong></span> <span class='ocrx_word' id='word_1_373' title='bbox 989 3383 1086 3434; x_wconf 76' lang='lat' dir='ltr'><strong><em>beilum</em></strong></span> <span class='ocrx_word' id='word_1_374' title='bbox 1114 3383 1210 3466; x_wconf 70' lang='lat' dir='ltr'><strong><em>accin-</em></strong></span> 
     </span>
     <span class='ocr_line' id='line_1_45' title="bbox 126 3452 1210 3534; baseline -0.005 -23"><span class='ocrx_word' id='word_1_375' title='bbox 126 3475 195 3529; x_wconf 80' lang='lat' dir='ltr'><strong><em>gaut</em></strong></span> <span class='ocrx_word' id='word_1_376' title='bbox 214 3461 260 3530; x_wconf 87' lang='grc' dir='ltr'>(ι).</span> <span class='ocrx_word' id='word_1_377' title='bbox 303 3462 481 3516; x_wconf 86' lang='lat' dir='ltr'><strong><em>Andronicus</em></strong></span> <span class='ocrx_word' id='word_1_378' title='bbox 508 3463 631 3530; x_wconf 73' lang='lat' dir='ltr'><strong><em>neglecta</em></strong></span> <span class='ocrx_word' id='word_1_379' title='bbox 657 3463 799 3515; x_wconf 89' lang='lat' dir='ltr'><strong><em>Manuclis</em></strong></span> <span class='ocrx_word' id='word_1_380' title='bbox 826 3457 1019 3526; x_wconf 88' lang='lat' dir='ltr'><strong><em>superstitione</em></strong></span> <span class='ocrx_word' id='word_1_381' title='bbox 1038 3452 1210 3534; x_wconf 73' lang='lat' dir='ltr'><strong><em>astrologtta</em></strong></span> 
     </span>
     <span class='ocr_line' id='line_1_46' title="bbox 125 3523 1209 3604; baseline -0.006 -24"><span class='ocrx_word' id='word_1_382' title='bbox 125 3531 227 3582; x_wconf 76' lang='lat' dir='ltr'><strong><em>milites</em></strong></span> <span class='ocrx_word' id='word_1_383' title='bbox 242 3531 282 3583; x_wconf 87' lang='lat' dir='ltr'><strong><em>od</em></strong></span> <span class='ocrx_word' id='word_1_384' title='bbox 295 3551 417 3604; x_wconf 71' lang='lat' dir='ltr'><strong><em>pugnam</em></strong></span> <span class='ocrx_word' id='word_1_385' title='bbox 434 3531 564 3583; x_wconf 77' lang='lat' dir='ltr'><strong><em>leonatus·</em></strong></span> <span class='ocrx_word' id='word_1_386' title='bbox 580 3531 628 3602; x_wconf 84' lang='lat'><strong><em>(2).</em></strong></span> <span class='ocrx_word' id='word_1_387' title='bbox 667 3533 814 3600; x_wconf 75' lang='lat' dir='ltr'><strong><em>Uniusepue</em></strong></span> <span class='ocrx_word' id='word_1_388' title='bbox 831 3529 965 3580; x_wconf 77' lang='lat' dir='ltr'><strong><em>exercitus</em></strong></span> <span class='ocrx_word' id='word_1_389' title='bbox 983 3523 1138 3592; x_wconf 75' lang='lat' dir='ltr'><strong><em>dispositio.</em></strong></span> <span class='ocrx_word' id='word_1_390' title='bbox 1155 3539 1209 3603; x_wconf 78' lang='lat' dir='ltr'><strong><em>pu-</em></strong></span> 
     </span>
     <span class='ocr_line' id='line_1_47' title="bbox 125 3593 1208 3673; baseline -0.01 -22"><span class='ocrx_word' id='word_1_391' title='bbox 125 3617 199 3668; x_wconf 76' lang='lat' dir='ltr'><strong><em>gna:</em></strong></span> <span class='ocrx_word' id='word_1_392' title='bbox 215 3604 338 3655; x_wconf 87' lang='lat' dir='ltr'><strong><em>victoria</em></strong></span> <span class='ocrx_word' id='word_1_393' title='bbox 355 3619 438 3673; x_wconf 86' lang='lat' dir='ltr'><strong><em>penes</em></strong></span> <span class='ocrx_word' id='word_1_394' title='bbox 457 3599 659 3662; x_wconf 87' lang='lat' dir='ltr'><strong><em>Andronicum,</em></strong></span> <span class='ocrx_word' id='word_1_395' title='bbox 681 3602 731 3672; x_wconf 86' lang='lat' dir='ltr'><strong><em>qui</em></strong></span> <span class='ocrx_word' id='word_1_396' title='bbox 742 3601 826 3670; x_wconf 86' lang='lat' dir='ltr'><strong><em>sama</em></strong></span> <span class='ocrx_word' id='word_1_397' title='bbox 842 3600 956 3649; x_wconf 82' lang='lat' dir='ltr'><strong><em>territus</em></strong></span> <span class='ocrx_word' id='word_1_398' title='bbox 973 3597 1071 3646; x_wconf 84' lang='lat' dir='ltr'><strong><em>Istrum</em></strong></span> <span class='ocrx_word' id='word_1_399' title='bbox 1089 3593 1208 3673; x_wconf 62' lang='lat' dir='ltr'><strong><em>traiecit.</em></strong></span> 
     </span>
     <span class='ocr_line' id='line_1_48' title="bbox 125 3665 1211 3743; baseline -0.004 -22"><span class='ocrx_word' id='word_1_400' title='bbox 125 3673 346 3726; x_wconf 71' lang='lat' dir='ltr'><strong><em>nannetensem</em></strong></span> <span class='ocrx_word' id='word_1_401' title='bbox 364 3670 398 3722; x_wconf 86' lang='lat' dir='ltr'><strong><em>dc</em></strong></span> <span class='ocrx_word' id='word_1_402' title='bbox 410 3673 562 3723; x_wconf 83' lang='lat' dir='ltr'><strong><em>Pannoniis</em></strong></span> <span class='ocrx_word' id='word_1_403' title='bbox 578 3674 717 3743; x_wconf 86' lang='lat' dir='ltr'><strong><em>superatis</em></strong></span> <span class='ocrx_word' id='word_1_404' title='bbox 734 3669 886 3740; x_wconf 86' lang='lat' dir='ltr'><strong><em>triumphat·</em></strong></span> <span class='ocrx_word' id='word_1_405' title='bbox 898 3667 946 3727; x_wconf 75' lang='grc'>(3).</span> <span class='ocrx_word' id='word_1_406' title='bbox 984 3666 1087 3717; x_wconf 56' lang='lat' dir='ltr'><strong><em>Conna</em></strong></span> <span class='ocrx_word' id='word_1_407' title='bbox 1098 3665 1211 3715; x_wconf 70' lang='lat' dir='ltr'><strong><em>Servius</em></strong></span> 
     </span>
     <span class='ocr_line' id='line_1_49' title="bbox 126 3732 1212 3814; baseline -0.008 -22"><span class='ocrx_word' id='word_1_408' title='bbox 126 3741 261 3792; x_wconf 80' lang='lat' dir='ltr'><strong><em>iisnueiis</em></strong></span> <span class='ocrx_word' id='word_1_409' title='bbox 284 3742 442 3814; x_wconf 75' lang='lat' dir='ltr'><strong><em>erpedr&#39;ti05</em></strong></span> <span class='ocrx_word' id='word_1_410' title='bbox 467 3741 529 3791; x_wconf 85' lang='lat' dir='ltr'><strong><em>item</em></strong></span> <span class='ocrx_word' id='word_1_411' title='bbox 555 3754 653 3794; x_wconf 84' lang='lat' dir='ltr'><strong><em>contra</em></strong></span> <span class='ocrx_word' id='word_1_412' title='bbox 670 3741 833 3810; x_wconf 66' lang='lat' dir='ltr'><strong><em>Aegyptios,</em></strong></span> <span class='ocrx_word' id='word_1_413' title='bbox 860 3739 988 3803; x_wconf 76' lang='lat' dir='ltr'><strong><em>Anterigo</em></strong></span> <span class='ocrx_word' id='word_1_414' title='bbox 1005 3732 1212 3813; x_wconf 73' lang='lat' dir='ltr'><strong><em>Hierosolymo·</em></strong></span> 
     </span>
     <span class='ocr_line' id='line_1_50' title="bbox 125 3801 1210 3886; baseline 0 -25"><span class='ocrx_word' id='word_1_415' title='bbox 125 3827 181 3861; x_wconf 76' lang='lat' dir='ltr'><strong><em>na</em></strong></span> <span class='ocrx_word' id='word_1_416' title='bbox 192 3829 254 3878; x_wconf 74' lang='lat' dir='ltr'><strong><em>rege</em></strong></span> <span class='ocrx_word' id='word_1_417' title='bbox 270 3817 381 3866; x_wconf 70' lang='lat' dir='ltr'><strong><em>auxilia</em></strong></span> <span class='ocrx_word' id='word_1_418' title='bbox 397 3812 546 3886; x_wconf 79' lang='lat' dir='ltr'><strong><em>pollicente</em></strong></span> <span class='ocrx_word' id='word_1_419' title='bbox 558 3810 604 3878; x_wconf 73' lang='lat' dir='ltr'><strong><em>(h).</em></strong></span> <span class='ocrx_word' id='word_1_420' title='bbox 640 3809 885 3880; x_wconf 74' lang='lat' dir='ltr'><strong><em>Ameriguspedem</em></strong></span> <span class='ocrx_word' id='word_1_421' title='bbox 906 3806 1009 3877; x_wconf 76' lang='lat' dir='ltr'><strong><em>refert:</em></strong></span> <span class='ocrx_word' id='word_1_422' title='bbox 1028 3801 1210 3854; x_wconf 68' lang='lat' dir='ltr'><strong><em>nihilomfflw</em></strong></span> 
     </span>
     <span class='ocr_line' id='line_1_51' title="bbox 125 3869 1210 3948; baseline -0.008 -15"><span class='ocrx_word' id='word_1_423' title='bbox 125 3891 210 3933; x_wconf 69' lang='lat' dir='ltr'><strong><em>men</em></strong></span> <span class='ocrx_word' id='word_1_424' title='bbox 227 3883 400 3936; x_wconf 85' lang='lat' dir='ltr'><strong><em>Tamiathum</em></strong></span> <span class='ocrx_word' id='word_1_425' title='bbox 415 3879 525 3934; x_wconf 81' lang='lat' dir='ltr'><strong><em>&#39;obsidet</em></strong></span> <span class='ocrx_word' id='word_1_426' title='bbox 540 3881 725 3944; x_wconf 67' lang='lat' dir='ltr'><strong><em>Andronicus,</em></strong></span> <span class='ocrx_word' id='word_1_427' title='bbox 748 3893 775 3932; x_wconf 86' lang='lat' dir='ltr'><strong><em>et</em></strong></span> <span class='ocrx_word' id='word_1_428' title='bbox 785 3883 876 3933; x_wconf 84' lang='lat' dir='ltr'><strong><em>trariis</em></strong></span> <span class='ocrx_word' id='word_1_429' title='bbox 898 3875 985 3929; x_wconf 87' lang='lat' dir='ltr'><strong><em>modis</em></strong></span> <span class='ocrx_word' id='word_1_430' title='bbox 999 3881 1140 3948; x_wconf 76' lang='lat' dir='ltr'><strong><em>oppugnat</em></strong></span> <span class='ocrx_word' id='word_1_431' title='bbox 1161 3869 1210 3939; x_wconf 79' lang='lat'><strong><em>(5).</em></strong></span> 
     </span>
     <span class='ocr_line' id='line_1_52' title="bbox 125 3944 1217 4022; baseline 0.002 -21"><span class='ocrx_word' id='word_1_432' title='bbox 125 3949 226 4004; x_wconf 80' lang='lat' dir='ltr'><strong><em>Fraude</em></strong></span> <span class='ocrx_word' id='word_1_433' title='bbox 265 3955 389 4022; x_wconf 73' lang='lat' dir='ltr'><strong><em>Amerigi</em></strong></span> <span class='ocrx_word' id='word_1_434' title='bbox 425 3949 603 4005; x_wconf 83' lang='lat' dir='ltr'><strong><em>Andronicus</em></strong></span> <span class='ocrx_word' id='word_1_435' title='bbox 634 3949 776 4004; x_wconf 86' lang='lat' dir='ltr'><strong><em>Tamiathi</em></strong></span> <span class='ocrx_word' id='word_1_436' title='bbox 799 3948 1004 4021; x_wconf 76' lang='lat' dir='ltr'><strong><em>erpsrgnatione</em></strong></span> <span class='ocrx_word' id='word_1_437' title='bbox 1032 3944 1217 4014; x_wconf 72' lang='lat' dir='ltr'><strong><em>stauretur,</em></strong></span> 
     </span>
     <span class='ocr_line' id='line_1_53' title="bbox 125 4013 1213 4094; baseline -0.009 -24"><span class='ocrx_word' id='word_1_438' title='bbox 125 4021 221 4072; x_wconf 86' lang='lat' dir='ltr'><strong><em>seilites</em></strong></span> <span class='ocrx_word' id='word_1_439' title='bbox 237 4023 280 4075; x_wconf 92' lang='lat' dir='ltr'><strong><em>ad</em></strong></span> <span class='ocrx_word' id='word_1_440' title='bbox 287 4026 523 4094; x_wconf 64' lang='lat' dir='ltr'><strong><em>oppugnationem</em></strong></span> <span class='ocrx_word' id='word_1_441' title='bbox 542 4019 787 4088; x_wconf 71' lang='lat' dir='ltr'><strong><em>redintegrandam</em></strong></span> <span class='ocrx_word' id='word_1_442' title='bbox 802 4016 990 4084; x_wconf 70' lang='lat' dir='ltr'><strong><em>hortaturih).</em></strong></span> <span class='ocrx_word' id='word_1_443' title='bbox 1031 4013 1145 4063; x_wconf 77' lang='lat' dir='ltr'><strong><em>Tentata</em></strong></span> <span class='ocrx_word' id='word_1_444' title='bbox 1163 4026 1213 4064; x_wconf 74' lang='lat' dir='ltr'><strong><em>tx·</em></strong></span> 
     </span>
     <span class='ocr_line' id='line_1_54' title="bbox 123 4079 1216 4161; baseline -0.003 -19"><span class='ocrx_word' id='word_1_445' title='bbox 123 4095 251 4160; x_wconf 72' lang='lat' dir='ltr'><strong><em>praenotio</em></strong></span> <span class='ocrx_word' id='word_1_446' title='bbox 272 4095 398 4161; x_wconf 72' lang='lat' dir='ltr'><strong><em>Amerigi</em></strong></span> <span class='ocrx_word' id='word_1_447' title='bbox 414 4091 488 4145; x_wconf 86' lang='lat' dir='ltr'><strong><em>dolis</em></strong></span> <span class='ocrx_word' id='word_1_448' title='bbox 506 4093 592 4144; x_wconf 87' lang='lat' dir='ltr'><strong><em>irrita</em></strong></span> <span class='ocrx_word' id='word_1_449' title='bbox 612 4091 754 4152; x_wconf 85' lang='lat' dir='ltr'><strong><em>redditur,</em></strong></span> <span class='ocrx_word' id='word_1_450' title='bbox 776 4104 804 4144; x_wconf 86' lang='lat' dir='ltr'><strong><em>et</em></strong></span> <span class='ocrx_word' id='word_1_451' title='bbox 821 4092 922 4143; x_wconf 83' lang='lat' dir='ltr'><strong><em>Graeci</em></strong></span> <span class='ocrx_word' id='word_1_452' title='bbox 943 4081 1089 4138; x_wconf 76' lang='lat' dir='ltr'><strong><em>Tamiatho</em></strong></span> <span class='ocrx_word' id='word_1_453' title='bbox 1105 4079 1216 4133; x_wconf 73' lang='lat' dir='ltr'><strong><em>domum</em></strong></span> 
     </span>
     <span class='ocr_line' id='line_1_55' title="bbox 122 4151 1213 4234; baseline -0.004 -23"><span class='ocrx_word' id='word_1_454' title='bbox 122 4160 258 4215; x_wconf 80' lang='lat' dir='ltr'><strong><em>redeuntes</em></strong></span> <span class='ocrx_word' id='word_1_455' title='bbox 275 4165 430 4234; x_wconf 70' lang='lat' dir='ltr'><strong><em>naufragio</em></strong></span> <span class='ocrx_word' id='word_1_456' title='bbox 451 4163 510 4227; x_wconf 66' lang='lat' dir='ltr'><strong><em>fiere</em></strong></span> <span class='ocrx_word' id='word_1_457' title='bbox 528 4177 619 4213; x_wconf 82' lang='lat' dir='ltr'><strong><em>omncs</em></strong></span> <span class='ocrx_word' id='word_1_458' title='bbox 636 4173 761 4233; x_wconf 84' lang='lat' dir='ltr'><strong><em>pereunt.</em></strong></span> <span class='ocrx_word' id='word_1_459' title='bbox 797 4161 948 4214; x_wconf 83' lang='lat' dir='ltr'><strong><em>Sarraceni</em></strong></span> <span class='ocrx_word' id='word_1_460' title='bbox 964 4170 1059 4226; x_wconf 80' lang='lat' dir='ltr'><strong><em>pacem</em></strong></span> <span class='ocrx_word' id='word_1_461' title='bbox 1078 4168 1138 4203; x_wconf 75' lang='lat' dir='ltr'><strong><em>cum</em></strong></span> <span class='ocrx_word' id='word_1_462' title='bbox 1150 4151 1213 4232; x_wconf 55' lang='lat' dir='ltr'><strong><em>Md·</em></strong></span> 
     </span>
     <span class='ocr_line' id='line_1_56' title="bbox 121 4216 1214 4304; baseline -0.012 -21"><span class='ocrx_word' id='word_1_463' title='bbox 121 4232 195 4284; x_wconf 79' lang='lat' dir='ltr'><strong><em>nutis</em></strong></span> <span class='ocrx_word' id='word_1_464' title='bbox 209 4231 331 4304; x_wconf 78' lang='lat' dir='ltr'><strong><em>firmant</em></strong></span> <span class='ocrx_word' id='word_1_465' title='bbox 348 4233 396 4302; x_wconf 78' lang='lat'><strong><em>(7).</em></strong></span> <span class='ocrx_word' id='word_1_466' title='bbox 435 4231 568 4284; x_wconf 79' lang='lat' dir='ltr'><strong><em>Nascitur</em></strong></span> <span class='ocrx_word' id='word_1_467' title='bbox 586 4231 715 4284; x_wconf 84' lang='lat' dir='ltr'><strong><em>Monueli</em></strong></span> <span class='ocrx_word' id='word_1_468' title='bbox 723 4231 808 4304; x_wconf 75' lang='lat' dir='ltr'><strong><em>filius</em></strong></span> <span class='ocrx_word' id='word_1_469' title='bbox 826 4231 954 4288; x_wconf 75' lang='lat' dir='ltr'><strong><em>Alesiae,</em></strong></span> <span class='ocrx_word' id='word_1_470' title='bbox 973 4228 1124 4294; x_wconf 83' lang='lat' dir='ltr'><strong><em>imperator</em></strong></span> <span class='ocrx_word' id='word_1_471' title='bbox 1141 4216 1214 4271; x_wconf 81' lang='lat' dir='ltr'><strong><em>dess-</em></strong></span> 
     </span>
    </p>
   </div>
   <div class='ocr_carea' id='block_1_3' title="bbox 0 0 1516 4892">
    <p class='ocr_par' dir='ltr' id='par_1_5' title="bbox 0 0 1516 4892">
     <span class='ocr_line' id='line_1_57' title="bbox 0 0 1516 4892; baseline 0 0"><span class='ocrx_word' id='word_1_472' title='bbox 0 0 1516 4892; x_wconf 95' lang='lat' dir='ltr'><strong><em> </em></strong></span> 
     </span>
    </p>
   </div>
  </div>
 </body>
</html>
