3017 4892
758 351 930 416 sinuosi

304 508 441 578 Amerigi,
469 503 606 560 Friderici
645 505 833 559 Barbarossse
859 505 935 578 filii,
977 503 1016 558 ad
1044 507 1163 560 Graecos
1199 509 1304 580 legatio
1339 511 1389 579 (7).

304 579 395 631 Alexii
411 579 571 646 responsio,
591 587 618 628 et
637 579 788 628 ostentatio
807 577 841 628 ab
862 578 1025 628 Alemannis
1043 574 1141 630 derisa.
1162 579 1301 648 ingentem
1321 581 1387 632 auri

304 652 360 702 vim
378 647 494 716 singulis
518 647 601 699 annis
615 647 739 712 persolvi
761 646 817 698 sili
839 647 908 714 petit
927 649 1082 715 Amet-igus5
1109 645 1175 698 inde
1201 650 1277 701 inter
1296 652 1383 703 Grae·

304 737 349 770 cos
366 715 497 770 tributum
506 727 631 797 exactum
648 725 688 768 est
706 713 781 788 quoti
797 717 1003 769 Alamannieum
1020 714 1184 770 dicebatur:
1202 720 1319 772 Alesius
1337 737 1389 774 au·

305 803 357 844 um
373 787 504 910 &cithim
514 787 625 908 hiiiihh
642 785 764 908 (ihiiultat
781 857 908 913 Amerieo
932 866 1059 917 mortua,
1081 855 1213 929 illiusque
1230 859 1262 910 in
1278 857 1389 911 Siculos

304 925 491 980 crudelitatem
514 936 673 994 exaggerat.
710 924 848 992 Caphares
869 927 1021 978 Ganuensis
1036 927 1132 995 pirata
1147 946 1166 980 a
1184 925 1309 980 Iohanne
1328 929 1389 980 Sti·

303 999 383 1050 rione
408 996 573 1066 opprimitur
604 995 652 1062 (s).
696 987 805 1048 stiriae
829 997 861 1048 ist
884 994 954 1048 aula
977 994 1070 1049 Alesii
1094 997 1290 1064 imperatoris,
1311 1001 1391 1051 cuius

304 1068 417 1136 cognati
434 1066 527 1148 pmnia
545 1061 692 1146 vendunt..
711 1063 895 1132 Euphrosyne
916 1066 1081 1134 imperatris
1099 1067 1312 1150 Constantinum
1330 1071 1393 1122 lle·

302 1131 1390 1277 :ttttttttmtttltmitti-tittii-‘tt‘zztit‘t'tttt'tztt't

303 1273 447 1332 indianum
463 1276 512 1342 (s).
547 1273 639 1327 Alesii
655 1275 740 1326 irrita
767 1285 866 1327 contra
883 1273 1000 1326 Blachos
1019 1273 1166 1344 expeditio.
1204 1277 1389 1346 Euphrosyne

303 1348 336 1398 in
354 1346 548 1396 osonasterium
572 1337 764 1404 abstruditur,
797 1340 848 1394 sed
871 1340 1028 1396 delatorum
1052 1363 1137 1416 opera
1164 1358 1319 1399 revocatur
1343 1347 1391 1416 (ap

305 1414 485 1468 Constantini
505 1412 749 1485 Mesopotamitani
774 1414 852 1464 sacri
874 1413 932 1466 tuli
948 1426 974 1466 et
992 1417 1176 1467 versutissimi
1194 1417 1285 1467 aulici
1303 1416 1392 1468 mirac

304 1497 379 1536 artes
408 1482 612 1536 describuntur.
638 1483 670 1535 in
685 1483 772 1536 altum
791 1483 839 1535 sui
871 1495 915 1535 tus
934 1499 1001 1536 casu
1018 1487 1151 1552 graviore
1170 1486 1230 1537 ruit
1245 1487 1295 1554 (4).
1334 1487 1390 1538 Te·

304 1553 416 1605 meritas
441 1551 534 1605 Alesii
563 1554 594 1604 in
618 1551 758 1606 iconiensi
780 1554 892 1606 sultano
924 1552 1100 1608 concitando.
1126 1557 1257 1606 soltanus
1284 1553 1390 1625 oppida

305 1621 440 1697 quaedam
458 1639 492 1674 est
509 1624 659 1689 improviso
677 1622 761 1690 capit.
801 1621 952 1675 Antiochia
972 1623 1107 1693 Phrygiae
1125 1625 1243 1676 maximo
1258 1627 1389 1694 periculo

304 1694 375 1745 mire
390 1692 534 1742 liberatur.
558 1693 667 1744 sullani
693 1694 724 1743 in
748 1693 874 1759 captivos
896 1692 1063 1745 humanitas.
1106 1695 1198 1748 Alaaii
1218 1695 1322 1764 fissiles
1350 1695 1392 1748 asi

305 1763 403 1816 bellum
420 1772 572 1831 apparatus
590 1761 638 1830 (5).
672 1763 785 1814 Alexius
803 1763 957 1816 inconsulte
974 1766 1005 1814 in
1022 1779 1050 1816 se
1071 1763 1159 1834 ipsum
1183 1766 1284 1816 saevit.
1304 1765 1389 1833 impe·

306 1832 424 1886 ratricis
446 1829 666 1914 deliberationes
685 1829 719 1884 de
747 1833 858 1903 imperii
881 1849 1044 1886 successore.
1086 1834 1259 1888 Miserrimus
1279 1833 1393 1905 imperii

306 1898 636 2022 statuppmezfiiayzhfflpt
649 1899 1047 2036 lintfrhrhchiyhhuhhuffliichshhi
1064 1971 1166 2026 bellica
1185 1971 1345 2042 expeditio,
1364 1988 1393 2028 et

304 2041 392 2095 irrita
422 2039 536 2092 Prosati
562 2038 739 2092 munitissimi
765 2041 875 2092 castelli
898 2043 1076 2111 oppugnatio.
1122 2041 1244 2109 Chrysus
1261 2061 1297 2097 ea
1314 2043 1392 2098 hosts

298 2110 340 2178 fit
360 2109 453 2162 Alesii
470 2107 566 2180 affinis
581 2109 644 2177 (s).r
663 2106 826 2175 Scytharum
842 2112 966 2164 incursio
993 2113 1024 2163 in
1049 2109 1254 2166 Macedoniam.
1275 2116 1391 2185 nuptiae

304 2180 430 2250 filiarum
448 2179 547 2232 Atesis.
585 2176 682 2230 thanes·
699 2177 836 2244 desectio,
854 2191 883 2232 et
900 2183 931 2232 in
948 2189 1008 2232 etim
1025 2179 1164 2250 expeditio
1175 2220 1187 2242 ,
1202 2194 1392 2251 protostrato-

307 2250 335 2300 ri
353 2248 482 2300 Manueli
507 2247 618 2312 Camysi
641 2245 766 2311 infausta
782 2248 829 2317 (s).
876 2249 1088 2302 controversiae
1115 2250 1190 2302 inter
1216 2252 1340 2304 Graecos
1356 2251 1392 2308 dt

305 2317 490 2376 eurlsaristia,
513 2326 539 2366 et
568 2313 755 2383 theologorum
778 2316 879 2369 variae
904 2319 1056 2371 sementiae
1072 2317 1122 2385 (3).
1157 2317 1279 2373 lhancus
1295 2323 1392 2375 Aleaii

303 2387 430 2457 periurio
456 2383 582 2454 deceptus
606 2385 727 2454 eapitur.
769 2384 950 2454 Euphrosyne
976 2388 1139 2456 imperatris
1166 2405 1296 2459 oppressa
1315 2393 1393 2445 con·

306 2455 466 2526 tostephano
493 2471 538 2508 res
546 2452 665 2524 suturas
721 2451 801 2524 fana
823 2455 986 2508 curiositate
1003 2457 1164 2525 investigat.
1202 2459 1393 2514 coichosroen

307 2527 447 2578 sultanum
474 2525 644 2577 Rucratinus
659 2471 757 2593 μιν
774 2526 870 2576 Iconio
897 2526 978 2596 pellit
997 2525 1044 2594 (ih
1083 2526 1199 2580 Comani
1216 2548 1234 2582 a
1250 2531 1348 2583 Iiossis
1366 2543 1394 2583 et

309 2597 415 2662 Calysa
430 2593 558 2666 principe
582 2591 740 2645 Christiano
759 2596 886 2664 repressi.
925 2594 1078 2648 Calamoslii
1091 2595 1187 2650 diuitis
1205 2601 1395 2668 negotiatoris

307 2663 456 2719 comoedia
497 2662 631 2716 Iohannis
648 2662 718 2732 Lagi
729 2662 878 2732 tragoedia
897 2664 944 2734 (5).
980 2666 1115 2718 Iohannis
1135 2667 1284 2722 Comnenii
1298 2671 1393 2724 Crassi

307 2734 412 2788 seditio.
453 2733 542 2788 elesii
557 2732 689 2814 spoliatio
707 2735 823 2785 navium
836 2747 863 2787 et
877 2731 998 2803 perfidia
1012 2737 1043 2788 in
1058 2737 1248 2791 Rucratinum.
1265 2741 1392 2795 Michae-

308 2805 345 2857 lis
365 2801 489 2872 defectio.
517 2803 669 2874 periculum
694 2803 788 2854 alexii
812 2825 829 2855 a
848 2807 999 2874 naufragio
1025 2817 1054 2859 et
1067 2807 1154 2859 ruina
1172 2808 1220 2876 (6).
1259 2809 1393 2864 Eudocia

308 2877 402 2927 Alesii
410 2873 482 2946 filia
509 2891 528 2925 a
556 2869 693 2940 Stephano
721 2873 847 2926 Tribulis
868 2873 1024 2941 repudiata.
1060 2877 1134 2942 Mysi
1151 2876 1345 2932 Constantiam
1363 2891 1391 2932 et

310 2947 432 2997 Varnam
460 2953 627 3013 expugnant.
652 2954 841 3009 protostrator
857 2943 897 2997 ati
913 2945 1042 3008 Chrysum
1059 2944 1161 3018 deficit.
1181 2948 1392 3018 Spyrs'tionacae

306 3013 432 3080 desectio.
466 3015 580 3066 Alesius
596 3009 705 3064 tandem
730 3011 874 3066 seditiosos
894 3027 1001 3068 coercet
1014 3015 1061 3084 (7).
1096 3013 1141 3068 Aa
1156 3015 1246 3071 cladis
1266 3021 1392 3088 Brytan·

308 3087 374 3138 niae
394 3082 603 3154 descriptionem
614 3080 754 3134 accedens
772 3083 885 3136 Nicetes
904 3085 996 3136 Aleaii
1013 3083 1225 3156 imprudentiam
1240 3091 1391 3158 proponit,

307 3157 359 3226 qui
379 3152 412 3206 sit
430 3153 539 3206 isaacio
556 3152 653 3220 fratre
678 3169 791 3204 securus
814 3164 859 3205 est.
905 3154 1114 3207 Comneniorum
1123 3155 1251 3225 fratrum
1275 3161 1391 3228 rapaci-

308 3237 352 3276 tas
373 3237 398 3276 ct
419 3222 593 3292 profinionts
616 3219 664 3290 (8).
711 3223 807 3275 Veneti
823 3224 916 3276 multis
933 3224 1049 3276 iniuriis
1066 3225 1100 3275 ab
1117 3227 1214 3278 Alexio
1230 3241 1257 3278 et
1275 3227 1391 3280 Comae-

309 3295 365 3346 niis
382 3293 528 3364 fratribus
554 3287 667 3360 affltcti,
691 3293 810 3345 Henrici
832 3293 959 3345 Danduli
984 3291 1064 3346 ducis
1091 3297 1136 3346 sui
1151 3298 1268 3349 consilio
1290 3297 1391 3350 bellum

309 3375 408 3416 contra
426 3363 594 3428 Byzantinos
607 3372 717 3429 parant.
761 3363 875 3415 Aietius
894 3363 1014 3431 angelus
1039 3363 1238 3436 Isaaciifilius
1260 3382 1319 3418 cum
1341 3369 1392 3421 Ve-

310 3443 374 3483 neta
402 3432 488 3484 classe
514 3449 542 3484 se
566 3431 718 3501 coniungit.
746 3431 898 3502 imperator
929 3434 1040 3484 classem
1066 3432 1190 3486 hostilem
1222 3439 1390 3497 contemnit,

309 3517 381 3573 quae
394 3502 425 3551 in
442 3501 588 3572 ,strateium
604 3498 727 3553 veladat
746 3501 794 3563 (ot.
828 3502 959 3566 Byzantii
973 3497 1089 3553 obsidio.
1103 3504 1283 3560 velitationes
1301 3509 1390 3560 Grae·

311 3587 404 3622 cornm
423 3580 449 3620 et
464 3569 633 3620 Latinorum.
660 3568 818 3622 incendium
835 3572 972 3637 Byzantii.
1013 3573 1250 3640 Alesiusfrustra
1277 3577 1391 3631 tentatis

309 3641 396 3693 armis
415 3638 554 3692 Deleltssm
568 3638 708 3709 profligit,
727 3642 843 3710 imperio
859 3642 1001 3710 spotiatus
1023 3641 1144 3698 eiusdem
1162 3646 1253 3718 elogia
1272 3647 1340 3717 (ιο).

474 3787 538 3851 DE
571 3786 769 3852 tsAActo
800 3793 1000 3856 ANGELO
1024 3795 1226 3858 ITERUM

676 3906 1029 3973 IMPERATORE.

377 4039 474 4091 Alesia
487 4035 593 4108 fugato
619 4038 745 4092 isaacius
767 4055 929 4097 esaaeeatus
948 4045 1046 4096 ittnsm
1063 4043 1216 4113 imperator
1231 4043 1388 4106 salutatur,

313 4109 363 4177 qui
371 4107 477 4178 fratris
485 4107 587 4180 sugam
605 4108 703 4161 Alesia
723 4107 791 4180 filio
809 4122 836 4161 et
852 4112 949 4163 latini
971 4115 1110 4166 exercitus
1127 4113 1241 4169 ducibus
1256 4109 1390 4167 denunti·

314 4191 350 4229 at
384 4179 495 4230 Latinis
510 4195 592 4230 sacra
612 4189 638 4229 et
653 4177 776 4262 proficua
792 4182 843 4231 vis
862 4179 1007 4248 ssslyieiunt
1023 4183 1071 4252 (ι).
1108 4186 1268 4252 Synagogae
1287 4184 1391 4237 Sarra·

313 4265 439 4306 tenorum
457 4246 577 4321 direptio
592 4261 677 4302 causa
695 4264 824 4304 incensae
848 4251 931 4305 urbis.
950 4251 1032 4305 liuius
1051 4251 1176 4309 incendii
1193 4252 1390 4310 luctuosissimi
