3017 4892
254 1103 324 1169 sn
346 1103 618 1168 urcurmcurr
642 1102 701 1166 nr
722 1103 978 1170 cernuosuu
996 1105 1155 1191 vunnu,

207 1262 273 1351 Ι).
305 1257 720 1354 ANTONIUM
755 1260 1203 1376 FUGGERUM,

189 1447 516 1518 emonensem
541 1448 602 1515 nr
626 1447 971 1520 wsrssunnonur
993 1451 1227 1539 noumusr,

433 1605 581 1659 Caesareae
598 1607 735 1660 Maiestati
753 1623 770 1659 a
791 1609 913 1660 consiliis
936 1617 988 1662 etc.

268 1743 312 1796 rs
330 1743 486 1797 arcesse
504 1743 705 1798 scosrms'rr
725 1743 925 1799 cuoursrsn
941 1745 1137 1800 russonum

226 1887 570 1964 HIERONYMI
597 1888 818 1966 WOLFII
847 1888 1189 1965 PRAEFATIO.

633 2059 807 2072 ..-

155 2163 327 2254 Zorserrr
348 2147 474 2268 Toum,
495 2191 555 2253 Vir
577 2189 774 2274 amplissime,
796 2191 970 2254 Cnorrrsrss
988 2191 1140 2278 sequitur,
1158 2191 1252 2257 homo

156 2315 215 2356 sna
243 2303 348 2356 aetate
367 2315 428 2353 non
447 2302 567 2353 tantum
580 2295 697 2376 magnis
711 2293 910 2377 dignitatibus
922 2305 1061 2374 ornatus,
1084 2293 1137 2356 sed
1158 2294 1250 2356 etiam

156 2396 284 2476 ingenio
305 2404 338 2454 et
358 2391 519 2475 multipiici
540 2393 678 2454 doctrina
700 2403 865 2475 praestans,
885 2403 916 2454 et
935 2393 1070 2455 veritatis
1092 2392 1250 2474 historiae,

156 2505 196 2556 ut
219 2492 300 2553 mihi
319 2491 467 2572 videtur,
487 2493 601 2575 ubique
622 2493 792 2565 studiosus,
821 2491 932 2555 ordine
957 2494 1114 2576 aptissimo
1141 2503 1172 2556 et
1202 2492 1250 2556 ie·

157 2593 305 2657 ctoribus
326 2592 507 2675 utilissim03
530 2595 581 2676 qni
604 2593 679 2654 ordo
700 2615 772 2654 cum
800 2593 959 2676 sequentis
992 2593 1031 2655 iis
1057 2613 1136 2675 quae
1161 2603 1251 2656 ante·

158 2715 279 2757 cessere
307 2693 453 2776 adiunget
484 2704 575 2776 atque
606 2701 770 2771 annectat,
801 2691 947 2755 historiae
979 2692 1136 2776 quoddam
1163 2693 1251 2777 qussi

157 2815 276 2878 corpus
300 2793 433 2855 absolvit
448 2801 480 2855 et
500 2793 533 2853 in
555 2815 609 2855 suo
618 2814 729 2877 genere
750 2794 888 2855 homines
899 2791 1036 2856 eruditos
1054 2793 1169 2873 reddit,
1188 2793 1248 2855 hoc

157 2906 226 2975 eet,
249 2913 268 2954 a
290 2892 384 2977 vulgo
404 2893 580 2956 mortalium
596 2892 767 2977 distinguit.
786 2893 900 2955 multos
922 2913 996 2956 sene
1016 2895 1174 2976 invenias,
1193 2896 1247 2977 qni

157 2996 213 3056 etsi
236 3015 256 3056 a
279 2993 392 3056 litteris
412 2993 522 3076 alieni,
543 3005 644 3056 temen
672 2997 812 3055 acumine
834 2993 971 3078 ingenii,
1001 2993 1167 3073 fecundia,
1186 3015 1247 3055 usn

157 3115 292 3174 rerum,
313 3092 493 3156 doctissimis
513 3095 605 3174 viris,
628 3093 684 3156 sed
701 3095 750 3157 vei
773 3105 886 3167 natura
912 3092 1101 3156 tardioribus
1130 3091 1182 3155 vel
1212 3095 1245 3154 in

157 3194 324 3256 hominum
344 3193 516 3278 frequentin
536 3197 637 3256 minus
660 3196 807 3274 versetis,
828 3197 884 3257 etsi
912 3215 1037 3256 omnem
1056 3202 1187 3254 aetatem
1212 3194 1246 3254 in

158 3293 346 3376 optimarum
366 3293 479 3356 artium
501 3292 610 3357 studiis
633 3297 818 3373 contrivere,
838 3293 1063 3377 praeferantur.
1084 3289 1191 3376 quodsi
1204 3291 1248 3355 ed

158 3393 242 3457 iilam
265 3405 394 3457 naturae
411 3391 588 3458 felicitatem
609 3407 640 3457 et
659 3394 859 3477 multiplicem
881 3392 1093 3475 experientiam
1114 3413 1243 3454 accura-

156 3496 221 3555 tior
241 3504 272 3557 et
295 3493 469 3556 methodica
491 3492 644 3558 institutio
664 3496 852 3568 accessisset,
873 3491 949 3576 qnid
963 3513 1034 3554 com
1051 3490 1178 3556 iliorum
1191 3515 1244 3556 ex·

157 3595 301 3659 cellentia
322 3595 497 3677 comparari
516 3603 638 3679 posset?
662 3617 745 3658 nunc
765 3593 909 3658 laudibus
927 3616 1038 3658 eornm
1057 3605 1176 3657 tantum
1189 3595 1246 3658 de-

156 3695 239 3758 cedit
258 3705 412 3780 qnantum
427 3699 601 3758 accuratior·
615 3697 766 3759 institutio
780 3693 838 3757 iilis
852 3695 1026 3758 addidisset.
1046 3696 1245 3781 nequeenim

156 3793 232 3859 fabo
252 3797 369 3859 dicitnr
385 3799 511 3875 'artem,
543 3819 623 3881 qnae
656 3789 703 3859 est
733 3797 847 3880 ingenii
882 3797 976 3860 veluti
1006 3794 1097 3859 rudis
1128 3795 1244 3879 speculi

155 3897 238 3978 qnasi
260 3894 412 3979 expolitio
439 3896 609 3981 quaedam,
636 3901 801 3960 certiorem
821 3918 885 3960 esse
904 3896 1016 3959 ducem
1036 3915 1129 3979 quem
1153 3907 1244 3958 natu-

154 4017 242 4070 ram,
265 4008 362 4079 atque
383 3999 473 4058 etiam
495 3997 680 4062 uberiorem.
701 4000 845 4080 namqui
867 3995 959 4059 nuliis
977 3995 1156 4060 emditionis
1183 3996 1240 4057 ad·

153 4097 305 4159 minicuiis
329 4105 557 4174 sustentantur,
577 4108 690 4160 temere
715 4097 896 4181 pierumque
923 4095 1067 4158 feruntur
1092 4105 1124 4159 et
1155 4104 1241 4158 extra

153 4195 283 4276 limites,
305 4215 374 4279 quo
393 4194 484 4256 enimi
515 4207 616 4260 aestus
643 4199 740 4282 rapit,
772 4207 954 4280 evagentur:
980 4195 1066 4258 docti
1097 4216 1117 4257 a
1149 4195 1241 4259 certis
