3017 4892
301 283 388 386 884
590 301 748 369 worm
777 298 1090 368 amorlnoms

297 466 394 526 nintas
413 467 482 544 post
504 455 671 542 appellatos
700 479 764 522 esse
787 457 842 542 qui
862 455 936 520 olim
957 454 1151 520 colossenses
1184 454 1271 520 dicti
1309 459 1412 541 fnene,

297 549 338 610 ad
357 567 435 631 quos
454 543 578 626 epistola
598 544 639 604 D.
660 543 750 603 Pauli
775 553 881 604 exstat.

379 629 419 690 Ρ.
443 625 515 703 246,
534 625 564 705 4.
605 627 709 687 nescio
736 625 812 708 quid
840 626 899 687 hoe
920 625 984 688 sive
1010 644 1141 686 scomma
1175 624 1250 686 sive
1279 647 1413 706 σαρκι-

293 708 376 791 σμός
396 711 454 773 sibi
475 711 559 786 velit,
582 718 687 770 utrum
715 709 815 771 rident
836 706 1011 770 Manualem
1032 717 1068 768 ut
1087 716 1175 770 metu
1209 707 1411 792 pallentem,

294 817 334 858 an
355 815 433 858 vero
453 796 561 854 innuat
577 813 671 853 aurea
692 812 779 854 arma
801 790 1016 875 periculosiora
1048 811 1114 854 esse
1141 791 1283 874 ferreis,
1325 793 1413 880 qamd
1455 809 1456 870 j

293 899 349 962 spe
366 877 496 961 praedae
515 873 619 958 plures
639 873 785 938 alliciant.
1450 873 1456 910 ³

377 961 417 1028 P.
439 957 512 1042 247,
538 979 582 1020 aa.
625 958 676 1019 hic
707 961 767 1036 (Β)
794 959 929 1042 apertius
955 955 1117 1020 consilium
1136 957 1337 1020 'lurcorum
1362 959 1413 1021 de·
1457 1028 1458 1044 1

292 1043 400 1122 clarat,
423 1050 576 1104 ostentare
596 1063 646 1104 eos
662 1041 803 1119 voluisse,
826 1040 946 1102 nullum
966 1043 1103 1102 Turcam
1125 1041 1181 1102 sed
1200 1041 1410 1104 Christianos
1456 1045 1458 1052 ⁴

294 1129 442 1188 duntaxat
461 1123 594 1206 periisse.
614 1127 688 1207 quia
707 1145 784 1186 vero
798 1123 908 1186 Turcis
929 1123 1045 1186 addere
1064 1127 1226 1206 praeputia
1247 1147 1324 1186 non
1348 1150 1409 1209 po·
1456 1147 1457 1176 1

291 1221 406 1282 terant,
428 1209 609 1270 Christianis
630 1229 665 1268 ea
688 1207 920 1288 praeciderunt3
940 1218 970 1268 et
992 1229 1072 1291 quos
1089 1207 1232 1268 viventes
1255 1231 1328 1270 non
1352 1233 1408 1292 po-

292 1303 427 1373 tuerent,
449 1291 611 1353 defunctos
633 1293 666 1352 in
687 1291 805 1352 Turcas
831 1290 1096 1354 transformarunt
1125 1293 1239 1375 utique
1267 1293 1407 1356 ludibrii

292 1397 394 1438 causa.

196 1461 281 1535 ΜΞ.
349 1456 508 1556 ιΡῃ49,
531 1455 578 1536 ι4.
631 1455 708 1541 quid
733 1469 808 1522 nota
836 1456 895 1520 sibi
927 1457 1023 1541 velit,
1052 1455 1184 1542 ignom3
1222 1458 1292 1521 nisi
1323 1451 1404 1538 δρα-

290 1543 560 1700 fflacl’ilgdlidfel.
603 1619 660 1684 καὶ
680 1620 837 1708 adamita]
868 1637 898 1686 et
916 1627 1000 1706 iqfra
1019 1626 1170 1687 vexillaris
1192 1647 1286 1686 namn
1308 1641 1402 1690 ueram

288 1727 471 1791 expansum,
494 1719 524 1767 et
542 1708 668 1767 hosfium
675 1711 817 1788 frontem
835 1722 982 1793 spectans,
1013 1721 1045 1769 ut
1065 1711 1092 1769 ii
1110 1719 1189 1770 anem
1209 1723 1242 1770 et
1263 1725 1401 1774 tremore

288 1796 525 1876 corriperentur,
542 1811 651 1873 pacem
674 1792 831 1870 ocrffecisse
855 1793 1015 1854 Sullanum
1035 1792 1237 1872 gloriabatur.

291 1950 307 1976 a
369 1873 406 1936 Ρ.
428 1874 501 1976 353,
528 1894 581 1969 ¹9..
616 1872 807 1955 Μαίανδρος
827 1871 902 1944 τούς
926 1875 1071 1950 πλείονας
1087 1873 1285 1960 εἰσεδέχετο]
1315 1875 1397 1938 adde

188 2045 282 2101 vaso
290 1955 1092 2124 meol’dddgoleqlloilidrdoldddiadidbdelillnudaltriam,
1111 2051 1147 2102 ut
1157 2051 1294 2122 vocant,
1314 2041 1397 2104 alter

290 2119 330 2182 de
350 2120 615 2184 administratione
634 2123 825 2204 baptismatis
846 2124 932 2205 loqui
948 2125 1080 2186 videtur.

374 2205 414 2272 Ρ.
437 2205 509 2288 289,
535 2227 583 2288 ¹7.
611 2207 687 2286 quid
707 2207 747 2268 sit
767 2207 844 2269 illud
864 2204 941 2288 ὅπερ
968 2201 1003 2268 rd
1031 2207 1168 2288 χρῖσαν,
1190 2205 1269 2268 'non
1301 2207 1392 2270 intd·

290 2287 363 2369 ligo.
386 2299 418 2348 et
438 2287 682 2370 qualemcunque
704 2294 883 2390 sententiam
908 2295 1082 2390 qoniectura
1102 2312 1169 2352 sum
1189 2303 1329 2354 electatus¹

193 2386 222 2441 p·
230 2369 743 2533 ⁴³3verbnpctidlii’adaslcri[aidi-diii
756 2371 1391 2540 igssugqessqqtffivgtrlnffigznss93:³0

290 2533 502 2614 ταληπτικὴν,
535 2535 593 2594 boc
624 2537 734 2600 modo:
765 2543 799 2601 in
831 2560 891 2623 quo
919 2541 992 2602 baec
1012 2543 1102 2602 enam
1131 2542 1232 2602 uerba
1260 2557 1390 2626 praeter

289 2631 413 2678 caetera
433 2619 637 2678 oontinenmr:
666 2642 761 2704 neque
785 2645 859 2684 veru
891 2623 1097 2685 adulteranda
1117 2637 1187 2684 sunt
1210 2625 1321 2687 auena
1337 2627 1387 2687 di-

290 2702 399 2778 cuono,
418 2698 475 2760 sed
492 2702 540 2760 ita
558 2712 591 2762 ut
610 2705 724 2786 scripta
743 2719 812 2766 sunt
832 2709 1012 2786 reserenda.-
1030 2710 1058 2768 si
1076 2708 1155 2792 quid
1174 2719 1236 2776 etc.

377 2784 415 2847 Ρ.
436 2783 509 2859 548,
528 2805 558 2868 7.
600 2780 715 2890 αὐτάς]
757 2785 864 2868 ἁγνάς.
1072 2841 1077 2850 .

383 2867 420 2929 Ρ.
433 2867 507 2944 350,
533 2865 581 2944 ι4.
624 2863 659 2928 ai
678 2871 714 2932 da
735 2893 766 2931 τι
777 2893 793 2944 ς
810 2871 1046 2936 Kmvotuvrt'vou
1069 2871 1385 2956 φιλοταραχεὸτατω]

293 2947 326 3009 in
352 2951 466 3010 vetusti
493 2950 608 3012 codicis
631 2953 688 3030 (Β)
720 2959 854 3037 margine
882 2957 939 3019 lsoc
974 2959 1038 3017 loco
1068 2957 1217 3017 mendacii
1246 2959 1385 3038 arguitur

293 3029 472 3108 choniates,
502 3035 588 3113 quasi
614 3035 732 3118 populo
761 3039 927 3121 Byzantino
955 3041 1007 3100 fiat
1034 3039 1162 3101 iniuria:
1189 3051 1239 3115 et,
1268 3045 1295 3102 si
1326 3063 1384 3125 qna

293 3135 455 3196 perperam
473 3119 724 3195 committantur,
762 3143 798 3182 ea
828 3123 929 3204 potius
959 3123 1136 3184 hominibus
1157 3125 1337 3203 potentibus
1355 3137 1385 3185 et

295 3198 442 3260 seditiosis
463 3200 525 3259 sint
545 3199 757 3264 adscribenda.
781 3225 957 3288 quanquam
976 3208 1057 3268 enim
1077 3208 1230 3288 scriptura
1251 3229 1316 3270 nnn
1338 3229 1384 3271 sc·

294 3280 365 3342 tiel
404 3283 412 3342 i
433 3291 544 3363 potest,
566 3293 668 3345 tamen
688 3290 761 3348 satis
781 3300 909 3372 apparet
928 3289 1010 3350 hano
1030 3309 1094 3352 esse
1117 3293 1312 3354 sententiam.

366 3303 418 3426 εἳ).
441 3365 512 3440 551,
533 3364 585 3443 24.
627 3364 790 3453 τελευτήν]
816 3370 996 3452 πνιγμονὴν.

380 3445 420 3507 Ρ.
442 3447 515 3526 364,
537 3447 588 3510 25.
629 3446 834 3538 παραβόλως]
855 3447 1054 3535 παραλόγως.

293 3562 296 3571 ·
379 3529 418 3590 P.
441 3530 512 3608 523,
533 3531 563 3592 5.
594 3527 630 3594 ri
647 3535 834 3613 tricastrino
856 3532 996 3620 γλώττης
1014 3537 1187 3619 τρυγῶντες
1201 3539 1382 3624 μελίκηραν,

297 3607 352 3670 καὶ
367 3606 412 3682 ao‘c
430 3601 586 3692 ἅγρωστις
607 3605 738 3700 ὄμβρον]
761 3617 865 3681 favum
879 3620 1003 3704 linguae
1025 3623 1105 3684 illius
1124 3633 1158 3684 ut
1180 3645 1307 3705 gramen
1326 3630 1381 3687 im·

202 3694 382 3792 p435brem
403 3707 457 3754 aut
480 3718 584 3758 rorem
614 3700 814 3762 Hermonium
843 3717 961 3765 montes
987 3705 1103 3784 Siouii,
1147 3709 1381 3790 magniloquen.

296 3779 370 3838 tiam
404 3779 468 3838 eius
496 3781 779 3862 amplectebantur,
811 3789 941 3848 maxima
960 3807 1041 3849 'cum
1068 3787 1180 3850 laetitia
1213 3791 1380 3867 redeuntes,

296 3881 359 3923 non
379 3879 465 3920 secus
486 3881 522 3920 ao
550 3865 576 3923 si
605 3887 731 3928 aureum
762 3870 896 3931 seculum
916 3882 947 3932 et
968 3871 1108 3932 molitum
1137 3874 1238 3934 molae
1268 3875 1378 3936 victum

296 3955 353 4005 aut
371 3942 449 4003 Solis
473 3963 607 4006 mensam
629 3951 797 4031 appositam
817 3955 1004 4036 reperissent
1024 3965 1083 4021 ete.
1114 3957 1207 4018 verba
1227 3953 1288 4036 τὴν
1305 3949 1378 4038 diq-

297 4024 447 4104 λεσμένην
466 4027 525 4085 τοῦ
537 4023 642 4104 μύλου
664 4032 791 4095 δίαιταν
811 4049 949 4119 suspecta
973 4037 1049 4099 mihi
1068 4050 1152 4116 sumt,
1178 4041 1233 4099 nisi
1263 4040 1303 4100 sit
1330 4061 1376 4100 re-

297 4132 368 4171 cens
382 4109 510 4204 ¹aliquod
533 4114 739 4191 proverbium.
771 4128 929 4204 uteunque
949 4122 1004 4203 sit,
1035 4141 1090 4206 ego
1121 4123 1301 4186 seutentiam
1328 4143 1375 4186 ex·

297 4215 435 4276 premisse
453 4203 611 4258 contentus
635 4197 689 4260 lui.
