3017 4892
335 346 420 433 580
665 368 841 435 sicerae
865 367 1107 434 caussasse

331 524 443 609 άγιοάς
462 523 627 605 βασιλείας
643 523 888 607 σονδιαφθείρει
901 520 1104 585 κατάποσιν.
1125 518 1207 601 άτάρ
1227 512 1335 603 εἴρηκε
1346 540 1425 585 ποτε

330 624 386 688 ἐπί
406 620 534 687 δείπνου
556 620 719 703 ,,ίνίγκατε’
737 643 794 701 μοι
814 616 933 702 άλας,”
953 617 1118 701 παρεστάς
1139 620 1177 683 δὲ
1191 620 1256 681 τάν
1274 614 1348 682 τότε
1365 620 1424 699 μί-

328 746 399 805 μων
418 718 437 785 δ
458 723 685 805 χαριέστατος,
708 708 733 807 ᾧ
757 716 793 783 τά
826 716 994 799 ἐπάννμον
1016 715 1244 802 Χαλιβοάρης,
1274 720 1424 799 περιβλε-

329 821 473 902 ψάμενος
491 817 547 884 τὸν
567 820 632 884 τάν
654 818 814 902 γοναικάν
831 815 930 900 χορὸν
954 814 990 881 ἔτι
1017 839 1113 881 τινων
1140 814 1331 899 προσπόλων
1363 817 1423 881 καί

327 922 487 1003 σογγενιόν
507 920 565 984 τοῦ
582 921 738 999 βασιλέως
751 920 973 1002 κεκρατημένον
983 911 1293 999 „posuisse-We&
1308 916 1448 1001 „nesi-5

326 1043 388 1096 τως
410 1020 543 1099 ταάτας,
564 1009 754 1099 άβασιλεῦ·
795 1013 859 1083 εἶθ’
875 1012 979 1092 οὕτως
1003 1010 1103 1091 ἄλλος
1124 1016 1344 1100 εἰσενεχθῆναι
1367 1018 1421 1079 τί·

326 1120 465 1185 λεοοον.”
491 1116 549 1182 καί
566 1114 648 1203 πρὸς
674 1115 711 1180 sd
734 1117 825 1200 ῥῆμα
844 1120 940 1181 τοῦτο
959 1118 1063 1181 πάσαί
1078 1138 1114 1180 τε
1136 1117 1194 1178 καί
1209 1114 1326 1191 πάντες
1351 1118 1421 1194 {gs-

326 1216 504 1301 κάγχασαν.
547 1218 593 1307 τῷ
612 1217 649 1281 δὲ
668 1216 817 1299 τρέπεται
833 1215 854 1278 ί
871 1212 979 1300 χράς,
997 1213 1056 1279 καί
1072 1212 1166 1297 μάλις
1184 1214 1242 1280 τάν
1258 1212 1369 1297 iupis
1381 1217 1421 1281 ἐν

324 1316 427 1381 πείσει
446 1312 584 1391 κολάσας
613 1315 830 1401 ε’μβριμήματι
849 1314 909 1399 τὴν
926 1314 987 1380 τοῦ
1014 1314 1230 1399 γελωτοποιοῦ
1247 1316 1419 1397 ἐλευθερο-

324 1415 462 1497 στομίαν
481 1414 652 1480 α’νέστειλε.
681 1414 887 1495 μεταδιώκων
906 1416 943 1478 δὲ
960 1412 1001 1478 τά
1019 1418 1087 1479 τάν
1098 1416 1230 1497 χωρίων
1247 1404 1286 1477 esi
1301 1411 1417 1496 ἔχοντα
1429 1433 1468 1476 ιο

324 1516 380 1577 καί
398 1510 487 1597 άρας
506 1512 562 1579 καί
578 1516 717 1591 θέσεως,
738 1515 774 1578 ἐκ
794 1511 1034 1595 διαλειμμάτων
1051 1516 1099 1589 είς
1124 1511 1183 1597 τὴν
1205 1508 1419 1596 μεγαλόπολιν

324 1610 535 1695 ἐπανήρχετο,
557 1614 612 1677 καί
630 1610 709 1677 κατά
731 1610 903 1695 περιόδους
923 1611 969 1688 τίς
989 1605 1078 1698 ὄρνις
1097 1608 1115 1675 si
1138 1616 1247 1689 Φοίνιξ
1264 1614 1419 1677 ε’πωπτά·

227 1723 254 1777 Ρ.
264 1724 313 1778 ο83
325 1734 402 1781 νετο.
444 1706 527 1797 άπὲρ
557 1715 621 1775 πᾶν
650 1709 686 1777 δὲ’
712 1713 819 1795 ἓτερον
846 1711 903 1788 τάς
929 1716 994 1777 sois
1021 1709 1205 1796 ὑπερόγκων
1233 1706 1420 1794 οἰκημάτων

323 1810 500 1895 άνεγίρσεις
521 1810 789 1895 περιεσποάδαζε,
807 1814 1026 1896 μανικώτερον
1044 1813 1101 1877 ε’πί
1114 1811 1156 1876 τά
1177 1808 1293 1894 ἐραστά
1311 1813 1417 1896 ε’μπιγ-

323 1912 405 1992 duis,
428 1904 489 1974 κάν
508 1918 573 1986 τοῖς
594 1912 748 1987 πλείστοις
768 1913 827 1976 τοῦ
849 1910 1043 1996 καθήκοντος
1067 1907 1283 1998 ἐκφερόμενος.
1324 1909 1463 1987 sindesi

321 2032 356 2075 τε
376 2002 435 2073 σάν
455 2013 519 2074 τάν
536 2012 709 2092 βασιλείων
728 2011 923 2098 α’μιγοτίρων
934 2010 1052 2094 λοοτρά
1070 2011 1127 2076 καί
1144 2010 1319 2095 διαιτήσεις
1333 2016 1416 2091 λαμ·

321 2106 481 2193 προτάτας
505 2108 668 2193 ἐδείματο,
690 2108 746 2175 καί
765 2108 844 2176 κατά
864 2108 924 2195 τὴν
939 2112 1149 2196 Προποντίδα
1166 2116 1348 2186 πολυτελεῖς
1360 2108 1416 2175 δά·

319 2231 400 2289 μους
427 2207 592 2294 α’νὴγειρε,
614 2208 743 2294 νησίδιά
765 2233 800 2275 τε
813 2207 869 2294 τὴν
889 2208 1059 2276 θάλασσαν
1077 2209 1283 2295 α’πογαιιίσας
1306 2211 1415 2293 είργά·

320 2330 410 2372 cuso.
454 2312 648 2391 προθέμενος
668 2312 705 2375 δὲ
730 2313 787 2375 καί
812 2308 934 2393 πάργον
960 2307 1174 2395 τεκτήνασθαι
1195 2307 1279 2375 κατά
1308 2307 1347 2375 τά
1379 2308 1415 2375 ἒν

320 2408 524 2489 Βλαχέρναις
544 2405 717 2491 παλάτιον,
744 2406 814 2491 άμα
832 2412 894 2489 μὲν
914 2412 961 2487 εἷς
988 2410 1093 2495 ἔρυμα
1118 2413 1183 2474 τάν
1211 2409 1458 2491 άνακτάρων,οο

319 2502 364 2577 ὥς
386 2502 523 2588 ἔφασκε,
544 2504 600 2570 καί
618 2506 819 2590 ὑπέρεισμα,
840 2505 911 2590 άμα
929 2512 965 2576 δὲ
984 2508 1042 2574 καί
1060 2511 1105 2585 είς
1119 2510 1278 2594 ἐνοίκησιν
1297 2502 1413 2594 ἑαυτῷ,

320 2598 415 2677 ναούς
437 2624 469 2666 τε
489 2601 571 2668 κατά
592 2604 650 2690 τὴν
668 2607 769 2691 cistris
789 2606 889 2673 πάλαι
913 2606 1101 2692 ἱσταμένους
1120 2602 1289 2693 άτημελεῖς
1316 2606 1413 2693 κατῆ-

392 2786 413 2822 ι.
434 2765 518 2843 δτᾶρ]
537 2770 607 2825 ποτε
626 2766 679 2828 σίν
699 2772 809 2829 ἐσθίων
828 2775 993 2845 δβασιλεδς
1011 2766 1085 2850 μετά
1102 2776 1281 2848 δορυφορίας
1296 2778 1414 2844 βασιλι-

390 2843 456 2903 κῆε,
485 2840 602 2895 πάντων
633 2848 690 2896 ταῖν
719 2845 871 2914 α’ρχάνιων
899 2853 1123 2921 παρισταμένων
1148 2852 1200 2900 καὶ
1228 2846 1412 2917 α’ρχοντισόν

387 2906 446 2963 dno*
467 2915 524 2964 τῶν
543 2916 692 2983 συγγενῶν
711 2915 801 2969 adseri
819 2922 867 2969 κοιλ
888 2926 945 2972 τῶν
968 2920 1137 2972 ocioaldus
1155 2920 1186 2972 B.
1257 2922 1282 2972 5.
1297 2917 1413 2988 γνινοά-

387 2980 476 3055 μεθα]
496 2990 613 3051 πρῶτον
636 2988 740 3044 ταύτας
758 2985 959 3059 άοδιίλδωμεν
976 2992 1004 3041 Β.
1109 3008 1134 3059 9
1153 2986 1260 3052 πείσηῒ
1368 2992 1412 3044 ss.

389 3044 442 3111 τάς
458 3083 494 3093 -
509 3056 708 3125 μιινιιιαίτερον
726 3074 770 3108 om
787 3060 817 3110 Δ.
926 3078 964 3129 sp.
984 3062 1052 3129 περὶ
1068 3050 1120 3124 τὴν
1136 3046 1320 3126 προποντίδα
1335 3049 1410 3110 κατά

387 3120 440 3176 κόν
455 3124 613 3194 λεγόμενον
630 3128 732 3183 στενοῦ
749 3128 842 3181 τόπον
860 3129 1002 3201 οἰκήματα
1025 3127 1186 3192 πολοίξοδα
1202 3130 1230 3181 Β.
1272 3145 1315 3180 aa.
1333 3123 1413 3183 κατά

390 3192 492 3249 sarira
509 3195 547 3259 sl,
567 3199 635 3268 περὶ
651 3188 703 3253 τάν
717 3190 850 3268 αἰγιαλὸν
868 3200 896 3250 Β.

319 3338 499 3399 cognomento
526 3332 682 3399 Calibures,
707 3345 854 3407 conspecto
878 3344 958 3389 coetu
989 3338 1134 3389 mulierum
1162 3338 1212 3407 qui
1240 3335 1350 3387 ancillis
1380 3344 1413 3389 et

318 3404 440 3470 cognatis
472 3404 645 3474 imperatoris
673 3407 833 3471 constabat,
863 3425 1074 3477 „cognoscamus
1104 3408 1180 3477 prius
1204 3406 1272 3459 ἥατ’*
1296 3406 1412 3476 inquit,

318 3474 500 3543 ‚‚insperator,
519 3474 620 3527 deinde
638 3476 705 3529 alias
723 3478 823 3529 adduci
841 3478 962 3530 iubeto.’'
980 3480 1054 3549 quod
1073 3478 1175 3530 dictum
1187 3494 1249 3529 cnm
1266 3493 1361 3528 omncs
1381 3484 1414 3529 st

317 3544 370 3593 viri
389 3552 417 3596 et
434 3545 562 3598 mulieres
583 3548 639 3599 risu
661 3551 848 3619 excepissent,
867 3550 916 3601 ille
939 3550 1031 3602 colore
1050 3558 1156 3602 mutato
1174 3558 1204 3601 et
1221 3548 1269 3602 six
1285 3563 1413 3617 repressa

319 3612 459 3665 iracundia
478 3616 609 3670 morionis
627 3618 767 3671 licentium
784 3620 865 3672 minis
884 3620 1035 3690 castigavit
1051 3622 1112 3672 loca
1131 3628 1160 3672 et
1179 3620 1235 3671 situ
1252 3625 1283 3670 et
1301 3626 1413 3687 tempe-

319 3683 359 3733 rie
380 3686 451 3735 airis
469 3702 584 3739 amoene
602 3691 827 3756 consectabatur,
845 3700 875 3743 et
894 3708 929 3744 cx
948 3691 1100 3745 intervallis
1118 3691 1148 3742 in
1165 3689 1263 3742 urbem
1282 3688 1413 3751 redibat,

319 3760 349 3804 et
368 3762 399 3804 ut
415 3756 536 3808 Phoenix
555 3760 678 3811 coisnon
694 3778 802 3831 semper
812 3762 1039 3831 conspiciebatur.
1057 3762 1197 3831 inprimis
1214 3776 1280 3813 vero
1291 3762 1414 3812 immen-

318 3822 355 3874 sis
381 3824 631 3882 substructionibus
652 3831 858 3896 delectabatur,
881 3842 909 3885 et
933 3835 1025 3886 furore
1045 3832 1165 3903 quodam
1191 3830 1227 3884 ad
1253 3850 1286 3883 ea
1309 3830 1413 3883 ruebat

319 3910 390 3963 qnae
410 3894 600 3964 desiderabat,
619 3901 706 3954 officio
730 3904 760 3955 in
782 3904 922 3975 plerisque
947 3904 1082 3973 neglecto.
1106 3905 1136 3955 in
1156 3911 1276 3973 utroque
1301 3902 1411 3971 palatio

319 3964 419 4017 balnea
438 3975 466 4017 et
487 3970 625 4022 conclavia
644 3974 866 4042 splendidissime
887 3984 915 4027 et
934 3976 964 4026 in
983 3974 1149 4045 Propontide
1168 3982 1341 4044 sumptuosas
1361 3989 1413 4024 ae-

321 4034 369 4087 des
388 4036 558 4103 nedificusit,
587 4051 615 4093 et
633 4044 735 4097 insulas
762 4062 856 4115 parvas
874 4046 944 4098 mari
962 4046 1105 4115 aggeribus
1132 4045 1241 4115 expleto
1269 4044 1412 4096 excitarit.

320 4124 381 4158 curn
400 4108 495 4160 turrim
515 4109 544 4160 in
563 4110 722 4168 Blachernio
740 4118 843 4187 palatio
864 4134 925 4168 cnm
948 4118 1128 4179 munitionis,
1152 4124 1186 4168 ut
1213 4114 1322 4178 aiebat,
1347 4122 1410 4165 tum

321 4195 386 4229 suae
405 4177 585 4233 habitationis
604 4200 683 4237 causa
703 4196 828 4239 extruere
849 4188 1006 4252 statuisset,
1026 4195 1057 4240 et
1072 4194 1164 4239 vetera
1182 4186 1260 4248 lena,
1285 4201 1361 4253 quas
1379 4186 1410 4235 in

321 4248 415 4326 littore
434 4252 556 4321 neglectu
575 4253 698 4321 stabant,
721 4266 749 4312 et
773 4258 874 4313 multas
892 4258 1012 4313 illustres
1030 4257 1106 4313 urbis
1131 4256 1227 4311 domos
1255 4254 1411 4309 demolitus
