3017 4892
250 304 334 417 ⁵90
416 350 419 358 ι
558 294 742 395 maman
772 319 1011 393 mumanae

247 486 320 556 λίας
335 479 565 563 συγκαλύπτειν
590 482 736 569 πολλαχῇ
750 477 786 544 τά
807 477 1026 565 μισάδελφον,
1053 478 1111 540 καί
1134 475 1178 553 άς
1196 478 1339 553 πλειλινές

249 582 311 646 eius
333 580 511 667 putatitiae
527 580 648 660 μᾶλλον
669 572 746 663 ἤπερ
767 577 982 665 φιλισαάκιοι,
1010 574 1055 651 σάς
1072 578 1167 661 λῆρον
1196 576 1340 657 άπεπέμ-

247 702 325 743 πετο
346 675 386 742 τά
408 672 574 761 λεγόμενα,
594 678 678 761 μηδὲ
696 676 731 742 τό
754 674 952 756 ἐξεταστικὸν
971 676 1017 751 οὖς
1038 674 1131 739 λίθον
1150 673 1340 760 Ἡράκλειον

248 776 415 863 προσάγων
435 777 491 839 καί
508 778 690 858 βασανίζων
709 779 775 841 τῶν
794 775 883 860 παρά
908 775 967 839 τοῦ
988 772 1133 860 άδελφοῦ
1160 776 1341 856 πραττομέ-

249 900 313 943 νεαν
331 871 368 941 τά
389 876 558 959 κίβδηλον,
578 872 661 939 άλλά
683 872 802 957 δριμάς
822 868 866 939 σάν
888 882 955 948 τοῖς
972 871 1013 937 τά
1040 876 1173 937 τοιαῦτα
1196 874 1369 956 savos-5

248 977 356 1059 με’νυις
378 972 422 1050 ὥς
441 970 552 1057 ἔχουσι
573 973 654 1059 πρὸς
672 976 812 1061 ἐφέσεως
830 976 970 1057 ἐξίτηλον
990 980 1091 1063 npetu
1108 970 1167 1056 την
1187 972 1342 1037 άνέιπλυ-

249 1098 304 1140 τον
324 1071 380 1139 καί
397 1068 464 1140 οἶον
480 1074 525 1151 είς
540 1068 642 1156 βάθος
659 1075 887 1157 ἐγιεναυμένην
899 1076 940 1157 τῇ
956 1068 1076 1159 ἐρατοῦ
1089 1072 1181 1157 ψυχῇ
1192 1069 1272 1154 πρὸς
1283 1067 1341 1136 τάν

250 1176 434 1258 κασίγνητον
453 1170 607 1258 στοργήν,
631 1168 668 1239 ὃν
691 1174 787 1254 μόνον
804 1169 866 1235 άπὸ
896 1171 1022 1236 πάντων
1051 1168 1069 1233 ά
1097 1166 1247 1254 λωβητὴρ
1263 1170 1341 1235 Ἂν·

220 1268 398 1357 εάράνικος
418 1270 478 1335 ουίι
499 1271 632 1341 ἐσίνατο.
675 1265 849 1357 ἀφιγμένος
870 1273 978 1336 τοίνυν
998 1271 1033 1344 ἐς
1052 1267 1109 1353 τὴν
1128 1273 1343 1353 παραθαλατ-

252 1372 352 1437 τίάιον
367 1367 548 1436 Ῥαιάεστάν
567 1368 626 1454 τὴν
646 1369 795 1455 μεγάιτην
815 1369 938 1433 instet
952 1370 1008 1432 ναί
1032 1366 1235 1453 νυριάνυμυν
1263 1370 1390 1434 άνσ-ιο

251 1469 405 1551 στάσιμον
423 1464 552 1554 ἑορτήν,
573 1466 629 1533 ναί
646 1464 722 1533 θάει
740 1467 796 1532 καί
813 1468 918 1534 ἐσθίει
932 1465 970 1532 τά
990 1467 1100 1549 πάσχα
1119 1466 1155 1532 τά
1175 1464 1341 1547 μυστικόν.

252 1566 411 1635 haveat
429 1572 475 1658 τρῖ
494 1566 680 1656 Βασιλανίρι
697 1570 887 1650 συγγίνεται.
928 1558 970 1650 ἦν
985 1568 1016 1631 δ’
1037 1558 1130 1641 οὗτος
1148 1563 1342 1649 άλλότρσπάν
1378 1602 1382 1607 -

252 1691 325 1733 τινα
344 1668 449 1749 βίοτον
467 1670 604 1748 μετιών,
626 1654 685 1731 καί
701 1662 797 1743 δόξαν
819 1664 909 1750 παρά
935 1663 1062 1730 πάντων
1089 1666 1237 1751 ἤνέγκυτο
1261 1685 1341 1749 πρυ-

254 1765 403 1853 φητεάειρ
420 1764 475 1831 rai
494 1766 682 1851 προβλίπειν
700 1762 740 1831 τά
760 1762 960 1850 ἔμπροσθεν,
992 1761 1069 1829 ὅθεν
1098 1766 1147 1839 είς
1177 1760 1273 1828 adria
1297 1760 1340 1828 τά

152 1874 247 1933 vnto
256 1865 364 1950 πλήθη
384 1868 551 1951 συνέρρεον
569 1862 614 1943 ὥς
635 1865 707 1929 odd'
727 1865 761 1941 ἐς
783 1862 968 1949 μυρμηκιὰν
988 1860 1018 1928 oi
1037 1859 1216 1939 ἐπανιόντες
1234 1883 1269 1927 τε
1288 1864 1346 1927 καί
1357 1871 1393 1934 15

256 1964 390 2043 ἐξιόντες
411 1961 579 2051 φιλόπονοι
604 1958 812 2049 μάρμηιιεςῆ
838 1966 917 2044 γοῦν
938 1961 970 2029 oi
999 1964 1034 2039 ἐς
1047 1957 1219 2045 ’Ἄμμωνος
1245 1959 1347 2027 πάλαι

255 2066 312 2129 καί
330 2062 518 2150 Ἀμφιάρεω
545 2061 742 2149 α’φικάμενοι.
792 2056 862 2128 άλλ*
889 2063 984 2127 oridia
1011 2062 1130 2145 άληθὲς
1157 2064 1215 2127 καί
1243 2064 1348 2148 σαφὲς

255 2165 332 2249 περί
356 2167 418 2229 τάν
444 2164 602 2246 ἐσομένων
629 2154 722 2239 οὗτος
747 2163 937 2249 ἐφθέγγετο,
970 2162 1193 2244 πεπλανημένα
1220 2161 1257 2225 di
1291 2160 1350 2223 καί

256 2260 438 2349 άσάμφωνα
462 2258 588 2339 ἑαυτοῖς
607 2264 664 2327 καί
675 2264 824 2348 γριφώδη
845 2257 962 2347 διεξῄει
981 2255 1122 2346 ῥήματα·
1164 2261 1200 2326 ἐν
1220 2264 1347 2333 πολλοῖς

219 2363 293 2433 ndi
314 2364 370 2425 καί
388 2363 523 2443 γέλωτος
544 2358 792 2444 άιατεχνάμενος
812 2352 905 2441 άξια,
927 2358 984 2425 τὸν
1009 2356 1240 2443 άγελαισνάμον
1259 2353 1390 2439 άμωςηο

256 2462 312 2525 arui
332 2458 412 2539 πρὸς
431 2455 521 2525 sisara
548 2462 720 2546 άφσρῶντα
744 2462 801 2524 καί
829 2456 936 2545 νάπην
966 2460 1126 2525 ἐπεσπᾶτο
1152 2455 1244 2523 λεάν.
1283 2458 1347 2522 τάν

255 2554 319 2641 γάρ
340 2556 579 2641 άφιιινουμένων
596 2560 631 2633 ἐς
649 2554 747 2623 adada
763 2559 922 2640 γυναικῶν
935 2555 1088 2640 ἐμάστευε
1100 2553 1177 2632 τοάς
1188 2555 1347 2639 μαστούς,

257 2655 313 2722 καί
335 2656 518 2739 περιαθροάν
534 2653 575 2721 τά
599 2656 712 2743 σφυρά
733 2658 838 2742 ληρῶν
857 2658 913 2721 ἐπί
930 2648 1054 2732 τούτοις
1071 2648 1114 2740 ἦν
1133 2658 1190 2721 κατ’
1209 2647 1348 2741 oinopot-

331 2820 354 2857 ι.
372 2805 421 2855 καὶ
441 2800 480 2861 eis
498 2832 533 2844 ·—
550 2802 739 2873 φιλισαάτιαι
758 2818 803 2855 om
820 2808 851 2858 Α.
934 2804 1023 2860 ιι.τέ
1040 2806 1116 2876 prius
1134 2822 1178 2857 om
1198 2806 1230 2857 Δ.
1308 2806 1346 2857 τὰ

330 2872 527 2947 φιλοκάμιτεοι
544 2873 573 2925 Β.
682 2890 721 2945 17.
740 2870 813 2947 ἀλλ’]
836 2876 988 2939 elsatam
1005 2874 1090 2931 oridia
1105 2878 1136 2927 Α.
1225 2892 1272 2933 21.
1291 2878 1347 2928 nir

328 2942 565 3089 ppptloetpdiuooe
583 2942 615 2998 dl
630 2946 679 2996 sal
699 2940 734 2997 τά
758 2944 816 3033 τάν
833 2950 982 3015 γυναικοῖν
997 2947 1081 3015 prtia
1096 2947 1126 3001 B.
1251 2946 1295 2997 αθ.
1311 2940 1347 2998 τά

263 3151 399 3205 destinam
418 3150 512 3203 odium
531 3150 739 3203 benevolentiae
758 3158 902 3220 praetextu
920 3149 1110 3214 dissimulare,
1128 3166 1159 3202 ac
1200 3151 1273 3202 hares
1291 3164 1349 3203 esse

262 3224 352 3278 Alesii
372 3238 452 3292 quam
469 3222 564 3273 lsaaoii
582 3230 719 3284 amantes,
737 3220 819 3273 uerba
837 3221 885 3273 illa
895 3238 952 3343 pro
969 3223 1048 3290 nugis
1066 3168 1275 3291 aspernabatur,
1293 3238 1351 3273 non

264 3294 391 3346 adhibito
405 3292 523 3355 iudicio,
544 3299 576 3344 ut
594 3290 687 3361 lapide
704 3292 855 3355 ilerculeo,
878 3308 894 3342 a
931 3292 1086 3345 adulterina
1103 3293 1194 3344 fratris
1211 3301 1275 3344 acta
1300 3293 1349 3343 de·

261 3362 465 3435 prehendenda.
484 3364 539 3413 iruo
559 3378 636 3431 asper
656 3362 686 3414 in
703 3360 839 3415 delatores
852 3371 919 3426 erat,
939 3364 1016 3432 qussi
1036 3364 1176 3415 caritatem
1195 3380 1270 3414 sunm
1289 3379 1349 3431 erga

264 3436 374 3488 fratrem
387 3432 565 3485 indelebilem
585 3441 614 3484 et
630 3432 790 3484 firmissimis
809 3435 900 3485 nixam
918 3434 1054 3485 radicibus
1073 3433 1183 3484 abolere
1201 3442 1285 3503 atque
1302 3450 1350 3484 ex-

251 3506 375 3558 scindere
397 3505 520 3567 vellem,
547 3518 627 3574 quem
648 3503 735 3555 solum
755 3504 876 3555 omnium
893 3512 1013 3556 vastator
1030 3504 1200 3556 Andronicus
1219 3521 1277 3556 non
1294 3504 1351 3555 lae-

264 3578 353 3629 sisset.
370 3576 454 3641 igitur
469 3574 504 3626 ad
522 3574 683 3627 Radaestum
701 3576 864 3626 maritimam
883 3575 979 3627 urbem
1001 3576 1139 3643 profectus
1159 3576 1304 3626 maximnm
1322 3582 1351 3625 et

239 3666 243 3676 ·
263 3646 369 3700 nomini
387 3660 435 3695 suo
455 3645 620 3715 respondens
641 3646 848 3697 resurrectionis
865 3645 965 3697 festum
984 3645 1112 3708 celebrat,
1133 3654 1161 3696 et
1177 3646 1276 3715 pascha
1294 3662 1350 3712 τυγ-

265 3717 363 3769 sticum
381 3716 504 3767 immolat
521 3724 550 3768 et
567 3716 701 3781 comedit3
729 3714 825 3784 ibique
842 3716 1002 3767 Basilacium
1032 3718 1177 3779 convenit,
1205 3718 1351 3769 inusitatae

264 3788 337 3839 vitae
356 3784 509 3848 hominem,
534 3802 649 3856 eamque
668 3784 826 3855 opinionem
848 3785 923 3857 apud
948 3802 1042 3839 omues
1066 3795 1241 3839 consecutum
1273 3786 1349 3857 qnasi

266 3858 357 3910 lutum
378 3855 550 3924 praevideret
568 3865 651 3925 atque
675 3856 854 3925 praediceret.
884 3857 958 3909 unde
986 3858 1102 3908 maxima
1127 3858 1268 3910 bominum
1297 3858 1350 3909 ire-

286 3927 379 3977 uentia
398 3924 432 3975 ad
450 3940 528 3988 eum,
542 3934 574 3977 ut
592 3928 658 3978 olim
675 3927 710 3979 ad
722 3928 880 3978 Hammonis
899 3936 928 3979 et
943 3927 1100 3997 Amphiarai
1120 3930 1269 3990 oraculum,
1287 3944 1352 3979 con·

265 3944 377 4067 duchat.
398 4003 534 4047 caeterum
552 3996 624 4049 nihil
645 3998 703 4051 veri
729 4006 758 4050 et
778 3999 916 4067 perspicui
934 3998 969 4049 de
989 3998 1071 4050 rebus
1096 3999 1195 4050 suturis
1218 3998 1352 4067 loqueba·

264 4076 331 4130 tur,
349 4067 397 4119 sed
414 4064 496 4119 acrba
515 4066 643 4132 contusa,
661 4068 733 4121 inter
745 4084 774 4120 se
792 4068 953 4119 dissidentia
970 4076 999 4120 et
1016 4070 1145 4139 perplexa
1163 4069 1305 4133 tundebam
1322 4077 1353 4119 et

265 4138 387 4209 quamvis
409 4152 489 4207 saepe
509 4136 623 4188 ridicula
641 4138 774 4209 quaedam
789 4138 960 4201 admisceret,
977 4148 1068 4191 manen
1084 4140 1192 4191 turbam
1212 4147 1351 4208 pastorum

266 4210 444 4281 agricolarum
462 4216 489 4263 et
509 4208 639 4279 remigum
659 4209 695 4262 ad
714 4226 744 4263 ιε
761 4209 926 4265 attrahebat.
947 4226 1010 4263 nam
1026 4210 1170 4263 mulierum
1192 4210 1226 4263 ad
1252 4226 1282 4261 se
1302 4224 1350 4264 ve-
