3017 4892
311 321 354 380 Vl
585 317 815 382 PRAEFATIO
854 320 943 384 tsttt.
973 319 1162 383 efflent.

310 476 380 552 ber
404 474 560 582 incipit,
585 468 647 546 ὅτι
671 475 692 544 ὁ
717 471 892 572 βασιλεὺς
917 469 1023 572 ὥρισε
1047 474 1111 547 καὶ
1134 471 1277 570 ἁμάξας
1300 471 1394 550 εἶναι

309 609 359 688 εἰς
382 605 434 678 τὰ
460 607 737 708 στρατεύματα.
786 600 848 677 ὅτι
873 607 895 678 ὁ
920 599 1129 707 α’νδρόνικος
1151 600 1301 702 δέσμιος
1324 634 1395 680 πα-

309 739 357 836 ρὰ
379 738 559 839 βασιλέως
589 738 761 839 ἐπέμφθη
793 739 843 820 εἰς
875 739 1267 816 normannorum.
1316 735 1394 823 νίκη

308 877 378 942 τοῦ
400 868 657 961 τζιντζιλούκη
685 869 789 969 παρὰ
817 875 891 943 rato
921 866 1083 966 οὕγγρων.
1134 866 1301 972 ἀνδρεῖον
1325 877 1396 944 τοῦ

308 998 524 1106 ἄνδρονίκου
554 985 791 1098 interocrino.
850 1001 897 1074 τὸ
927 997 1054 1088 ἐξελοῦ
1085 1028 1131 1098 με
1150 1000 1248 1107 κύριε
1274 1000 1311 1090 ἐξ
1332 1003 1396 1076 α’ν-

309 1136 459 1237 ἓρώπου
495 1141 653 1236 πονηροῦ
682 1137 828 1230 μᾶλλον
854 1131 961 1209 ἔστιν
1000 1133 1061 1208 αέί
1079 1160 1170 1209 ποτε
1202 1132 1396 1236 εὔχεσθαι.

251 1274 255 1282 ’
305 1270 335 1348 i.
365 1299 451 1347 121:
477 1262 669 1366 διανέγνων
693 1267 759 1364 ἐγώ
781 1270 974 1366 Μαρτῖνος
1001 1267 1024 1342 ὁ
1047 1266 1225 1367 Κρούσιος
1248 1267 1314 1363 (εἰς
1328 1267 1400 1339 Τύ-

306 1406 433 1506 βιγγοίν
459 1433 523 1502 μοι
546 1405 617 1480 coto
638 1385 688 1480 iso
709 1385 875 1508 ἰἶβαῖιῖ
900 1402 1110 1496 αῑντξελίου
1133 1403 1170 1493 ἐξ
1193 1402 1397 1503 αὐγούστης

307 1511 495 1637 arnobio)
534 1555 621 1641 ᾳφπ
652 1539 765 1635 μησὶν
802 1537 923 1614 loort'o
959 1539 1022 1610 καὶ
1052 1537 1186 1614 lertio.
1217 1565 1398 1618 versuum

309 1699 391 1751 non
417 1671 520 1752 idem
543 1673 693 1776 ubique
716 1698 921 1756 numerus:
945 1669 1041 1750 alibi
1066 1679 1134 1770 24,
1159 1671 1256 1749 alibi
1280 1677 1341 1752 38·

408 1805 478 1882 His
503 1803 701 1882 codicibus
733 1805 921 1884 ambobus
940 1830 1032 1882 usus
1060 1821 1117 1884 est
1141 1804 1400 1910 Hieronymus

310 1938 493 2033 Wolfius,
517 1956 565 2015 nt
588 1963 915 2045 supervacaneum
939 1937 1061 2015 fuerit
1083 1937 1266 2016 lectiones
1290 1965 1315 2013 a
1337 1962 1401 2014 me

310 2088 505 2176 excerptas
529 2069 1050 2150 illiusauotoritatefirmare.
1073 2097 1156 2174 qno
1175 2069 1323 2147 sactum
1345 2087 1401 2148 est

310 2220 358 2277 ut
378 2200 580 2278 annotatio
591 2201 667 2276 viri
679 2203 818 2307 optimi
836 2221 1050 2293 raresceret,
1064 2202 1288 2307 praesertim
1310 2228 1402 2280 cum

313 2331 489 2410 eiusdem
522 2331 768 2411 coniecturae
801 2333 969 2438 aliquot.
1009 2333 1103 2410 artis
1133 2329 1403 2413 coniecturalis

314 2465 523 2572 pueritiam
547 2464 771 2558 referentes,
795 2492 877 2543 non
905 2467 1024 2570 magis
1046 2464 1274 2544 riderentur
1296 2493 1403 2572 posse

313 2597 447 2677 reduci
474 2625 614 2704 quam,
647 2623 748 2703 quae
780 2596 889 2706 apud
909 2598 1119 2676 Fabrotum
1144 2625 1167 2677 a
1190 2626 1232 2707 p.
1255 2596 1328 2697 452
1352 2597 1404 2676 ad

313 2757 354 2834 p.
388 2734 464 2828 464
495 2749 621 2838 patet,
657 2729 783 2808 nescio
816 2717 929 2810 cuius
956 2731 1209 2836 gnomologiae.
1258 2733 1403 2811 talibus

318 2860 498 2944 detractis
519 2863 552 2942 si
587 2889 666 2970 qua
689 2881 845 2971 accepta
866 2865 1014 2943 iactura
1038 2883 1114 2952 est,
1140 2864 1406 2972 compensabit

317 3019 412 3089 eam,
434 2995 586 3105 opinor,
612 2997 720 3104 quod
752 3025 861 3077 nunc
883 2998 1057 3105 primum
1077 2996 1236 3091 accedit,
1261 2996 1309 3072 de
1332 3015 1407 3075 sta·

316 3129 394 3206 tuis
412 3130 693 3237 fragmentum,
723 3151 924 3240 sumptum
944 3130 1046 3239 inugl
1058 3160 1082 3210 a
1094 3129 1290 3226 Eriderico
1305 3131 1408 3212 Wit-

320 3263 436 3353 tero,
459 3263 654 3346 bellorum
676 3291 874 3345 sacrorum
895 3266 1079 3373 scriptore
1100 3263 1347 3345 nobilissimo.

519 3431 636 3510 Scrib.
665 3432 837 3513 Berolini
861 3431 918 3514 tt
939 3431 1033 3511 Dec.
1057 3459 1093 3509 a.
1122 3433 1228 3528 1834.

719 3755 1005 3768 Ἣ
