3017 4892
293 330 345 413 52
610 351 781 416 usnemu
808 349 1041 414 cuoussrsn

291 505 460 586 πεοκότος,
497 503 564 566 ἀλλ’
599 503 631 574 ἒς
656 490 819 582 Ἰσανριάν
847 501 1020 582 α’φιχμὲνος
1040 495 1095 562 καί
1110 493 1149 561 τό
1168 496 1268 562 tneo»
1286 498 1366 582 πρός

290 603 327 671 τό
350 609 421 670 δέον
455 595 725 684 καταστησόμενος
754 599 809 680 τῆς
843 594 954 660 α’νόπιν
980 598 1035 660 καί
1052 597 1130 679 πρός
1152 597 1271 681 Συρίαν
1290 593 1365 662 tto&

290 703 411 788 εἴχετο,
442 702 632 790 ἐφεπόμενοι
663 694 744 778 ἔχων
771 697 858 783 αὐτῷ
888 693 942 760 τόν
977 691 1179 778 όστερότοκον
1196 697 1296 760 παῖόα
1314 693 1367 761 τόν

292 801 459 886 Μονουὴλ.
509 791 547 882 ἦν
577 799 612 860 δὲ
641 795 660 878 ἦ
692 797 751 876 μὲν
776 791 932 879 πρόδηλος
957 796 1011 876 τῆς
1040 791 1208 875 στρατείας
1235 794 1368 878 ταυτησί

292 901 443 986 πρόθεσις
473 896 492 981 ἡ
524 899 578 979 τῆς
594 889 764 978 Ἀρμενίας
782 888 859 976 πρὸς
887 889 920 955 τό
942 900 1080 976 κρεῖττον
1098 888 1300 976 μεθόρμοσις.
1314 889 1369 956 καί
1374 891 1394 956 5

292 1000 337 1074 εἷς
358 999 490 1080 βεβαίαν
521 991 714 1056 κατάποσιν
743 987 871 1072 συνοχῆ,
886 991 949 1054 τῶν
968 988 1088 1053 πόλεων
1108 987 1163 1054 καί
1184 993 1368 1074 φρουρίων,

293 1089 339 1160 τόν
366 1089 518 1178 ε’χκρατὴς
549 1091 690 1173 γεγένητο
719 1083 797 1151 κατὰ
827 1084 883 1170 τὴν
902 1089 1056 1171 προτέραν
1077 1087 1177 1151 αὐτοῦ
1199 1083 1368 1167 ἀνάβασιν·

209 1205 239 1260 V.
253 1167 317 1281 arai
336 1197 365 1259 δ’
396 1195 567 1277 α’νέιιφορος
592 1185 670 1272 πρός
688 1184 723 1251 τό
747 1182 929 1269 στράτευμα
948 1189 1090 1269 λαθραία
1110 1207 1144 1250 τε
1164 1183 1219 1250 καί
1236 1181 1370 1266 ε’νδόμυ-

291 1316 350 1376 χος
374 1289 428 1356 ιιαὶ
446 1293 479 1354 ἐκ
501 1289 714 1371 περισκέψεως
733 1285 852 1366 κίνησις
867 1279 946 1368 αὕτη
967 1277 1017 1368 ἦν.
1060 1283 1114 1362 oles*
1132 1286 1175 1347 δι’
1194 1281 1307 1369 ἔρωτος
1326 1277 1370 1349 εἷ-

290 1415 331 1474 χε
352 1386 497 1466 συνάψαι
516 1383 572 1471 τὴν
586 1377 750 1464 Ἀντιόχου
767 1382 806 1468 τῇ
828 1385 1090 1463 Κωνσταντινου,
1116 1381 1175 1445 κιιίι
1192 1383 1286 1445 soriis
1305 1389 1370 1457 τοῖς
1383 1404 1419 1446 ιο

263 1490 472 1567 Βθευστιβέσι
495 1482 599 1558 τόποις
630 1483 853 1567 ἐπιφοιτῆσαι,
886 1478 941 1543 καί
965 1477 1078 1563 όιόροις
1097 1483 1157 1560 μὲν
1175 1484 1372 1562 καταστέψαι

291 1583 348 1651 τόν
366 1587 424 1652 roei
443 1585 555 1666 κυρίου
574 1578 672 1666 τόφον
691 1576 745 1644 τόν
767 1578 986 1662 ζωοπιίρυχον,
1007 1576 1043 1642 τό
1070 1579 1106 1644 δὲ
1126 1578 1227 1666 κόκλιρ
1247 1584 1371 1662 βαρβα·

293 1681 383 1771 ρικόν
406 1683 621 1764 ἀνακαθᾶραι.
664 1671 740 1741 ὅθεν
762 1682 814 1740 καὶ
834 1681 941 1742 πᾶσαν
963 1671 1003 1760 ἤν
1020 1675 1136 1756 μετιών
1158 1675 1320 1762 μηχανήν,
1342 1675 1375 1741 εἴ

292 1808 359 1859 πως
378 1780 561 1845 ὖπεκσταῖεν
580 1774 701 1852 ἑκόντες
723 1775 809 1862 αὐτῷ
833 1774 863 1838 οἱ
877 1779 1012 1840 Λατῖνοι
1035 1779 1089 1858 τῆς
1108 1781 1296 1859 κυριαρχίας
1315 1779 1373 1859 τῆς

293 1882 421 1964 λογίμης
436 1873 651 1958 Ἀντιοχείας,
675 1869 697 1958 ἢ
719 1876 749 1938 εἰ
771 1871 816 1956 μὴ
839 1865 925 1937 οὗτοι
946 1874 1107 1965 πείθοιντο
1129 1873 1294 1966 (ἠπίστατο
1311 1871 1369 1958 γὰρ
1384 1879 1423 1943 15

292 1977 351 2063 τὴν
373 1973 548 2058 Λατινικὴν
568 1974 706 2058 κόρυζαν
734 1973 791 2033 καί
820 1970 854 2035 τό
878 1973 936 2034 τοῦ
956 1967 1156 2056 φρονήματος
1177 1972 1279 2037 αότοῖν
1298 1973 1373 2037 ἆτα-

294 2077 480 2159 πείνοοτον),
514 2072 543 2136 οἱ
562 2073 598 2136 δέ
619 2094 654 2154 γε
677 2072 805 2146 Κιλικες
825 2071 888 2132 ’καί
907 2069 1004 2153 Σύροι
1022 2073 1236 2155 προσρίψαιεν
1255 2072 1371 2158 ε’κείνψ.

294 2170 427 2257 γράφων
448 2173 551 2234 τοίνυν
571 2166 650 2232 κατὰ
666 2165 758 2250 ruinis
779 2166 837 2251 τήν
857 2159 969 2231 iratos
987 2165 1042 2231 καί
1060 2165 1118 2252 τήν
1137 2162 1239 2232 αότοῦ
1256 2192 1375 2254 προση-

294 2269 418 2352 μαίνων
451 2277 514 2340 τοῖς
541 2269 751 2348 Ἀντιοχεῦσιν
779 2260 890 2350 ἄφιξιν
922 2267 1071 2346 ου’όαμοῖς
1103 2261 1200 2350 ἆνίει,
1221 2263 1301 2332 ὥστε
1320 2267 1378 2333 καί

295 2367 392 2450 μήπω
412 2367 477 2429 τῶν
509 2363 605 2449 όρίων
626 2361 739 2444 ε’πιβὰς
759 2366 813 2446 τῆς
836 2367 955 2447 Συρίας
977 2365 1148 2446 πρεσβείαν
1169 2362 1428 2451 ἐφειλκύσατοασ

297 2467 419 2530 ἐκεῖθεν
449 2458 535 2544 μα’λα
564 2459 689 2544 ἀγαθός
712 2464 802 2549 ου’τρῖ
831 2461 887 2536 τὰς
906 2465 1035 2539 ἐλπίδας
1055 2462 1109 2528 ἐπί
1124 2475 1188 2540 τοῖς
1209 2468 1377 2547 μέλλουσιν

270 2561 550 2645 ῦόποβόλλουσαν.
593 2561 661 2624 ε’πεί
681 2561 717 2624 δὲ
744 2563 783 2646 τῇ
802 2560 965 2644 Ἀντιόχυυ
986 2558 1211 2647 προσῆχγισεν,
1233 2565 1377 2642 α’λλοίους

300 2656 415 2744 εὕρατο
436 2657 494 2734 τοὶς
512 2653 638 2740 χνιόμας
661 2657 734 2732 τούς
751 2659 908 2742 Ἰταλούς,
927 2661 983 2742 τῆς
1005 2656 1113 2745 φήμης
1134 2664 1378 2748 πρσοχχειλὰσης

302 2755 404 2825 όπόσα
423 2757 582 2842 ἒνδόμυχα
601 2753 656 2818 καί
674 2759 735 2822 τοῖν
761 2762 891 2839 χειλέων
910 2761 970 2822 rosi
987 2763 1143 2840 βασιλέως
1166 2759 1310 2847 α’πρόϊτα.
1330 2759 1377 2845 μα’

375 2947 414 2982 ιο.
432 2924 569 2998 συνάψαι]
591 2924 717 2996 σόνοιψα
733 2928 764 2977 Δ.
840 2926 879 2978 ⁸6.
896 2925 1027 3001 κόρυζαν]
1049 2927 1212 3002 ὑπεροψίαν
1226 2931 1255 2981 B.

304 3083 434 3138 Isauriam
465 3081 619 3150 proiectus,
638 3097 669 3130 ae
684 3076 820 3149 provincia
843 3075 985 3142 ordinata,
1007 3079 1060 3131 iter
1075 3079 1104 3132 in
1123 3080 1225 3149 Syriam
1242 3081 1378 3150 intendit,

304 3154 432 3209 Manuele
460 3152 517 3202 lilio
543 3159 610 3202 natu
636 3151 747 3202 ruinimo
771 3147 925 3198 comitante.
955 3150 980 3200 ei
1010 3152 1178 3219 expeditioni
1204 3155 1381 3222 praetexebat

305 3227 377 3278 uelle
395 3239 424 3274 se
450 3222 601 3274 Armeniam
621 3221 718 3272 rectius
746 3219 929 3281 constituere,
949 3227 976 3270 et
994 3221 1093 3289 oppida
1124 3231 1153 3274 et
1170 3223 1280 3274 castella
1298 3243 1381 3296 supe-

306 3297 377 3346 riore
394 3292 468 3344 bello
486 3301 563 3361 capta
581 3291 610 3342 iu
628 3289 713 3341 officio
732 3297 760 3339 et
776 3288 829 3338 fide
846 3290 985 3341 continere
996 3307 1026 3341 ac
1047 3289 1159 3342 firmare.
1179 3301 1297 3345 ceterum
1316 3313 1380 3348 sera

307 3381 387 3416 causa
406 3371 479 3425 erat,
497 3379 567 3432 quae
584 3361 614 3412 in
632 3359 778 3418 exercitum
795 3360 905 3410 minime
926 3361 1102 3425 efferebatur,
1124 3361 1173 3413 setl
1189 3365 1303 3417 maxime
1322 3365 1378 3418 dis·

306 3431 502 3494 simulabatur,
528 3431 602 3501 qnod
620 3428 788 3483 Antiochiam
813 3447 874 3480 cum
897 3430 976 3499 Cpoli
1000 3433 1176 3500 coniungere,
1204 3443 1233 3486 at
1253 3453 1287 3486 ue
1312 3435 1377 3488 inde

307 3503 433 3569 religiosa
451 3501 510 3550 loca
526 3502 613 3552 uisere
631 3509 658 3552 et
683 3500 765 3552 vitale
785 3499 885 3551 Christi
904 3501 1055 3570 sepulcrum
1071 3504 1219 3571 magnificis
1234 3452 1317 3558 tiouis
1334 3525 1380 3559 or·

307 3587 373 3624 nare
393 3587 424 3620 ae
442 3570 569 3620 finitimos
587 3571 715 3622 barbaros
733 3570 874 3639 profligare
897 3579 1028 3640 perpetuo
1046 3575 1180 3644 cupiebat
1200 3576 1292 3646 itaque
1309 3577 1380 3629 nibil

308 3644 443 3694 intentum
462 3639 644 3706 relinquebat,
662 3641 685 3691 si
725 3641 840 3691 uomodo
861 3641 963 3692 Latinis
980 3644 1142 3711 persuadere
1158 3657 1250 3715 posset
1261 3656 1293 3699 ut
1306 3648 1380 3700 ultro

310 3713 450 3764 dominatu
479 3709 588 3758 inclitae
614 3657 773 3761 Antiocbiae
790 3711 932 3775 cederent,
959 3720 1007 3765 aut
1024 3715 1047 3766 si
1071 3716 1381 3788 iinollent(neceni1n

310 3783 409 3835 fastum
429 3779 554 3830 Latinum
582 3785 610 3829 et
628 3781 807 3847 praefidentes
831 3798 922 3832 eornm
941 3783 1045 3835 animos
1067 3785 1220 3858 ignorabat)
1236 3797 1265 3840 at
1281 3788 1379 3840 Cilices

312 3861 341 3904 et
351 3851 430 3919 Syros
443 3849 471 3900 in
483 3863 543 3898 suas
553 3855 643 3915 partes
661 3851 836 3918 pertraheret.
854 3853 951 3902 necin
970 3869 1002 3903 eo
1021 3855 1119 3906 itinere
1138 3874 1256 3926 unquam
1274 3859 1382 3910 destitit

310 3919 486 3976 Antisthenis
500 3917 615 3970 scribere
627 3927 654 3970 et
663 3937 738 3970 suum
758 3921 902 3973 adventum
914 3923 1112 3990 praenuntiare,
1123 3925 1192 3977 adeo
1213 3937 1244 3979 ut
1260 3929 1380 3979 nondum

311 3991 405 4059 Syriae
431 3991 497 4040 fines
523 3989 656 4056 ingressus
681 3991 842 4058 legationem
869 3991 933 4042 inde
962 3995 1120 4059 attraxerit,
1137 4013 1191 4065 qna
1207 3997 1235 4047 in
1251 3998 1382 4064 optimam

312 4079 324 4113 s
344 4077 387 4112 ena
414 4073 500 4112 rerum
526 4059 674 4110 suturarum
692 4061 853 4128 erigebatur.
871 4062 919 4112 sed
938 4078 997 4112 eum
1020 4079 1105 4133 prope
1127 4065 1221 4118 urbem
1245 4067 1381 4130 venisset,

312 4131 380 4182 a'os
398 4130 526 4183 Italorum
545 4129 647 4180 animos
670 4131 816 4199 comperit,
835 4144 895 4181 eum
912 4131 982 4182 sarua
999 4131 1053 4182 iam
1070 4143 1134 4186 ants
1150 4152 1258 4187 arcanas
1276 4136 1335 4187 eius
1352 4149 1382 4191 et

312 4201 408 4256 tacitas
432 4199 644 4253 machinationes
666 4199 807 4270 vulgasset
833 4217 892 4251 enm
917 4196 1000 4270 igitur
1014 4203 1174 4260 Antiochiae
1203 4205 1307 4258 aditum
1323 4225 1381 4263 non
