3017 4892
330 289 386 354 un
416 287 609 354 ninom
636 287 836 356 cosrnnno
864 291 940 354 nn.
976 291 1031 354 ιιι.
1136 263 1212 376 ι3η

134 441 193 506 ταῖν
214 439 367 505 ἐναντίων
378 435 567 528 δπερφίρων
579 433 736 504 παλδ’καί
751 433 827 504 ῦσον
844 436 879 506 oi
898 433 1004 524 άλογοι
1022 439 1136 526 φάσεις
1153 441 1217 506 των

132 541 263 623 λογικοῖν
283 534 444 624 ἥττηνται,
466 535 548 604 diors
568 540 623 603 καί
639 539 768 622 συμβάν
787 532 871 602 otro
889 537 1035 615 πολλάκις
1054 545 1216 624 προσπλα-

131 640 195 714 ιιείς
221 639 378 722 ἐτρέψατο
402 637 555 718 τοῦτους,
588 635 628 703 τά
650 640 770 724 φίλτρα
787 640 845 721 τῆς
866 640 1023 715 Εάδοκάις
1041 641 1136 722 γέρας
1156 639 1216 721 άρ-

130 737 271 820 νάμενος.
313 728 352 820 ἦν
373 739 401 802 δ’
416 732 467 803 δ’τε
487 739 542 800 καί
562 734 660 814 αδτδς
678 741 737 819 μὲν
752 734 806 802 ἐπί
823 742 938 822 σκηνῆς
951 740 991 824 τῇ
1012 742 1139 821 γυναικί
1159 763 1215 801 κα·

105 834 171 902 δεδι
196 837 400 920 Πελαγονίαν
434 837 654 918 συνεπλέκετο,
684 833 773 902 οἶδὲ
801 840 876 901 καθ’
909 831 991 920 αἷμα
1018 841 1056 924 τῇ
1076 837 1245 924 Ειίδοκιζιο

128 934 348 1020 προσήκοντες,
370 936 573 1021 περιστάντες
591 933 649 1020 την
668 934 783 1020 σκηνὴν
801 937 844 1012 ὥς
865 937 958 1002 τοῦτο
979 933 1137 1019 ἔγνωσαν,
1155 959 1215 1017 με.

128 1031 170 1100 τά
190 1037 318 1118 σσχνοῦν
348 1031 535 1120 ὁπλοφόρων
567 1033 700 1118 ἐτήρουν
727 1032 787 1119 τὴν
804 1031 913 1114 ἔξοδον
931 1035 975 1111 οῦς
995 1029 1108 1101 αῦτίκα
1129 1036 1217 1116 μάλα

126 1133 239 1198 τοῦτον
263 1129 542 1217 διαχειρισάμενοι.
584 1132 653 1197 ἀλλ’
674 1133 732 1197 οῦκ
746 1130 844 1199 ἔλαθε
861 1135 966 1199 ταῦτα
983 1131 1043 1218 τήν
1058 1133 1218 1202 Εῦδοκάιν

126 1232 240 1315 καίπερ
270 1231 323 1317 ἐφ’
341 1223 461 1315 ἑτέροις
485 1227 538 1296 τὸν
557 1233 633 1296 νοῦν
651 1231 790 1315 ἔχουσαν
797 1281 808 1313 ,
829 1231 891 1296 εἴτε
912 1234 1135 1317 διαγγελθέντα
1155 1257 1218 1296 πα·

89 1331 170 1416 ιοριί
189 1356 246 1396 του
282 1334 347 1398 sois
366 1333 402 1396 εἰι
419 1334 482 1412 τοῦ
497 1333 605 1415 γένους
632 1329 749 1420 άκεάῃ,
770 1329 831 1398 εἴθ’
851 1328 964 1419 ἑτέρως
984 1331 1040 1398 τάν
1060 1330 1138 1397 κατά
1159 1335 1218 1397 τοῦ

126 1434 277 1518 φθορίοις
300 1425 401 1515 αῦτῆς
420 1427 514 1514 λόχον
534 1436 740 1518 γνωρίσασα·
782 1425 824 1516 ἧν
843 1429 902 1518 γάρ
924 1432 1053 1520 κάκείνη
1076 1428 1217 1515 δραστή-

127 1551 198 1613 ριον
218 1527 253 1595 τὸ
274 1538 420 1617 φρονεῖν,
440 1531 592 1611 οάμενοῦν
621 1528 700 1596 κατά
720 1537 872 1616 γυναῖκας
891 1527 1065 1620 πλοντοῦσῃ
1082 1529 1139 1616 την
1157 1529 1217 1596 σά·

126 1653 224 1694 τισιν.
282 1630 442 1714 διασαφεῖ
460 1631 566 1694 τοίνυν
599 1634 644 1718 τῷ
660 1630 849 1719 Ἀνδρονάιφ
868 1633 1138 1717 συγκατακειμὲνφ
1158 1621 1227 1711 τήνΙ

126 1725 312 1812 ἐπιβουλήν.
345 1725 363 1794 ὃ
386 1730 423 1792 δὲ
443 1728 648 1813 διαθροηθείς
671 1731 726 1794 ε’πί
740 1732 821 1817 τῷδε
840 1732 884 1818 τῷ
902 1727 1022 1816 ῥήματι
1050 1730 1217 1812 ἐξανέθορί

87 1819 163 1891 ¹5ss
181 1821 300 1893 αῦτίκα
321 1831 377 1914 τῆς
398 1829 519 1914 κλίνης,
538 1827 594 1892 καί
610 1827 668 1914 τὴν
690 1828 825 1914 ἐπιμήκη
839 1831 1075 1911 διαζωσάμενος
1095 1828 1218 1909 μάχαι·

127 1951 188 2012 ραν
208 1929 402 1993 διεσκοπεῖτο
422 1924 456 1993 τὸ
476 1923 662 2012 ποιητέον.ἧ
686 1932 745 2010 μὲν
767 1920 824 1992 οῦν
845 1927 993 1992 tassello
1012 1931 1057 2016 τηῖ
1071 1928 1216 2014 ἐρωμένην

125 2029 308 2110 γυναικείαν
325 2023 481 2094 ὑποδῦναι
499 2028 628 2111 στολήν,
658 2027 716 2090 κάν
729 2029 774 2114 τῷ
787 2021 929 2106 ἐπιτάξαι
946 2021 1044 2109 αῦτὴν
1065 2049 1128 2090 τινι
1154 2029 1247 2092 rdet)

125 2128 299 2210 προκοίτων
320 2129 375 2190 καί
392 2129 645 2210 κατευναστριῦν
666 2127 823 2208 γυναικοῖν
842 2128 1012 2210 λαμπτῆρα
1032 2127 1215 2208 εἰσενεγκεῖν

126 2227 166 2312 τῇ
200 2227 320 2312 σκηνῇ,
351 2223 431 2308 πρδς
471 2218 571 2306 ὄνομα
604 2227 800 2306 καλέσασαν,
830 2227 886 2317 καί
902 2215 1002 2300 οῦτως
1021 2227 1068 2301 είς
1086 2221 1214 2301 ἔξάκοο·

83 2345 202 2392 tonsor
221 2323 265 2398 οῦς
284 2331 351 2400 τοῖς
370 2325 523 2407 ἐλλοχοῦσι
546 2321 605 2408 τὴν
623 2323 738 2409 ταύτης
759 2325 955 2410 ἕνηχηθῆναι
974 2321 1098 2410 φωνήν,
1120 2326 1212 2391 edos-

127 2448 171 2500 ως
190 2425 331 2502 ἐξελθεῖν
358 2421 414 2490 καί
432 2428 553 2489 λαθεῖν.
593 2427 638 2511 τῷ
668 2427 704 2490 δὲ
725 2423 784 2488 οῦκ
804 2417 934 2510 ἤρεσκον
954 2419 975 2508 ἦ
995 2427 1211 2510 παραίφασις,

125 2525 341 2612 ἐκτρεπομένιρ
371 2525 431 2606 μὲν
463 2525 520 2587 καί
541 2521 577 2588 τά
609 2523 728 2588 άλιῦναι
747 2521 827 2588 κάπί
844 2521 898 2589 τὸν
919 2525 1053 2604 βασιλέα
1072 2521 1212 2590 ἑπισποά-

125 2645 221 2704 μενον
244 2623 300 2706 τῆς
319 2618 418 2708 κόμης
452 2615 587 2708 άγεσθαι
610 2625 763 2705 ἀγεννοῦς,
782 2621 838 2688 καί
853 2619 992 2689 θάνατον
1012 2625 1048 2688 δὲ
1070 2619 1131 2705 οδχ
1154 2616 1211 2708 ἦτ-

196 2782 222 2848 l.
239 2781 353 2856 σκηνῆς]
370 2784 467 2842 τῖντας
486 2784 515 2834 Β.
585 2785 609 2838 5.
628 2782 826 2856 συνεπλέκετο]
847 2785 1084 2853 συγκατεκλίνετο
1092 2787 1123 2836 Α.
1171 2801 1210 2839 ιο.

198 2856 256 2905 else
282 2857 350 2923 περὶ
375 2859 427 2907 τοῦ
453 2856 588 2926 φθορίοις
614 2854 700 2920 odric
727 2855 927 2925 ἐγρηγοροῠσα
944 2855 973 2905 Β.
1046 2869 1085 2905 ιι.
1111 2853 1210 2906 rectius

194 2927 391 3047 γνωρίσασαι
447 2925 487 2990 ιδ.
508 2923 705 2999 διαδροηδελς]
725 2923 927 2995 διαταραχθείς
944 2925 975 2977 Δ.
1037 2927 1074 2980 ιδ.
1092 2925 1141 2975 καί
1158 2921 1212 2990 τὴν

212 3011 241 3045 π.
274 2997 321 3046 καλ
340 2991 393 3057 τὴν
412 2995 502 3050 αὑτοῦ
517 2995 873 3068 σπάδηνπεριζωσάμενος
887 2997 917 3047 Β.
969 2993 1045 3060 πη*
1062 2995 1211 3066 παραίφα-

197 3077 243 3122 σις
257 3064 291 3148 ,l
306 3057 390 3133 βουλά
402 3067 432 3118 Δ,
514 3069 559 3121 st.
576 3065 721 3190 θάνατονη
732 3068 822 3121 πλέον
839 3065 898 3136 εἶχε
922 3064 1051 3120 θανάτου
1073 3069 1158 3119 τοῦτο
1174 3064 1206 3119 sd

194 3150 268 3207 μετα
278 3139 446 3206 γυναικεῖος
462 3137 634 3208 εἰσαχθῆναι
653 3149 702 3190 στα
724 3139 755 3202 ἧς
770 3137 799 3189 Β.

124 3279 187 3335 λιιι,
207 3275 267 3323 tuns
283 3271 393 3340 ingenio
412 3271 493 3342 longe
513 3273 638 3344 superior
654 3273 831 3335 adversariis,
848 3279 881 3323 ot
896 3285 962 3340 prae
978 3269 1028 3321 illo
1046 3269 1144 3322 brutae
1160 3286 1210 3341 pe·

124 3341 210 3394 eudes
229 3341 327 3393 baberi
356 3353 475 3412 possent
495 3360 597 3414 eosque
614 3361 696 3414 soepe
719 3345 772 3396 viru
788 3343 937 3394 inferentes
954 3340 1145 3410 propulsabat,
1161 3358 1211 3412 pe-

125 3412 214 3464 ricula
237 3413 287 3464 illa
313 3413 449 3466 Endocise
473 3431 564 3466 amore
589 3415 698 3467 abunde
716 3422 830 3485 pensato
854 3420 936 3464 retus.
955 3411 1054 3463 occidit
1071 3421 1161 3464 nutem
1179 3422 1212 3466 nt

126 3500 188 3534 com
206 3482 243 3533 ad
265 3483 437 3553 Pelagoniam
462 3485 491 3538 in
510 3485 685 3539 tabernaculo
711 3485 834 3537 molieris
852 3483 1022 3552 amplexibus
1041 3483 1210 3554 indulgeret,

125 3553 265 3606 Eudociae
283 3557 390 3624 cognati
407 3573 467 3608 cum
483 3558 577 3608 multis
587 3559 696 3608 cunetis
714 3557 774 3608 eius
793 3556 895 3606 exitum
905 3553 1081 3606 observarent
1096 3555 1131 3608 ud
1148 3573 1211 3607 cne-

125 3623 188 3676 dem
207 3627 305 3695 parati.
323 3625 371 3678 sed
391 3641 475 3680 eures
493 3627 641 3680 Endociam
658 3645 714 3680 non
732 3625 835 3678 fefellit
855 3641 1009 3695 quanquam
1029 3626 1091 3677 aliis
1107 3627 1210 3696 cogita·

124 3695 248 3748 tionibus
266 3696 419 3761 intentam,
436 3699 493 3749 sive
513 3717 529 3750 n
548 3707 723 3768 cognatorum
741 3697 835 3766 aliquo
853 3697 955 3748 monita
977 3699 1033 3748 sive
1050 3697 1104 3747 alin
1124 3698 1210 3750 retio-

125 3782 162 3817 ne
177 3767 293 3818 insidias
313 3767 427 3820 odoratu
445 3768 538 3832 luerit,
556 3771 658 3840 qnippe
678 3777 707 3821 et
724 3771 783 3838 ipse
801 3767 855 3819 acri
872 3767 981 3834 iugenio
1000 3776 1029 3820 et
1066 3769 1108 3818 lus
1126 3785 1207 3837 quern

124 3837 255 3890 muliebri
280 3837 427 3908 prudentia
442 3841 582 3893 instructu.
605 3839 718 3892 insidias
736 3840 818 3907 igitur
835 3837 978 3889 accubanti
994 3839 1036 3890 An
1057 3840 1150 3889 ronico
1166 3840 1210 3889 in-

126 3905 208 3961 dieat.
229 3925 285 3978 quo
303 3909 387 3962 verbo
405 3909 455 3962 ille
472 3910 605 3965 excitatus
625 3929 640 3962 e
659 3912 730 3962 lecto
751 3910 844 3972 exilit,
861 3917 890 3961 et
906 3911 1053 3979 praelongo
1073 3911 1210 3961 accinctus

125 3977 216 4045 gladio
238 3979 307 4050 qnid
334 3980 469 4049 agendum
498 3989 570 4034 esset
595 3981 737 4034 deliberat.
761 3980 860 4030 mulier
887 3997 951 4032 vero
970 3981 1049 4032 illum
1066 3988 1160 4031 monet
1180 3987 1212 4032 ut

125 4050 254 4102 muliebri
272 4059 349 4103 veste
368 4051 494 4113 indutus,
513 4053 594 4106 simul
608 4071 639 4104 sc
651 4053 709 4121 ipsa
728 4051 923 4102 cubiculariam
936 4050 1008 4102 clera
1025 4067 1108 4114 voce,
1126 4059 1158 4102 ut
1172 4052 1209 4102 ab

125 4119 333 4174 insidiatoribus
351 4124 435 4176 etiam
460 4123 602 4187 audiatur,
621 4124 758 4174 lucernum
778 4123 878 4173 inferre
895 4123 1014 4185 iusserit,
1030 4122 1121 4174 statim
1140 4121 1210 4172 clem

125 4190 286 4260 egrediatur.
313 4190 363 4245 sed
391 4192 422 4246 id
439 4195 582 4248 consilium
600 4194 657 4250 viro
674 4194 738 4247 lorti
758 4209 813 4246 non
831 4191 973 4263 placebat,
991 4208 1025 4246 ne
1046 4199 1141 4262 coptus
1161 4190 1211 4243 de-
