3017 4892
309 299 386 384 118
632 321 806 386 nicetae
833 318 1071 388 erroneam

217 493 409 567 ν.ηημειναν
437 482 566 558 βασιλεῖ
571 525 580 556 ,
609 475 665 538 καί
693 471 754 556 πρό
789 465 911 534 πάντων
929 467 948 530 ύ
967 469 1171 540 καστελλᾶνος
1194 463 1383 548 Θεόδωρος·

299 574 329 641 ολ
352 579 389 641 δέ
408 577 514 640 λοιποί
533 572 610 656 πρὸς
633 570 690 656 τήν
712 569 851 653 πατρίδα
872 569 1016 633 Σικελίαν
1035 559 1237 648 α’νήχθησαν.

381 679 412 740 6.
434 671 592 744 Βασιλεύς
613 674 648 736 δὲ
667 670 791 754 παριών
813 669 889 733 είσον
901 671 956 749 τῆς
978 665 1109 743 πόλεως,
1128 663 1184 726 καί
1204 661 1262 747 τήν
1283 655 1385 746 ύκραν

299 777 505 855 καταπλαγείς
536 767 579 844 ὡς
610 767 717 844 ὅπλοις
745 772 816 833 osiel*
844 761 924 841 ὅλοις
953 763 1131 844 ἁλώσιμον,
1161 764 1219 826 καί
1236 758 1385 846 φρουράν

298 874 468 958 ἐπιστήσας
498 870 738 956 ἀσφαλεστάτην
765 871 801 933 ἐκ
820 865 1010 949 Γερμανῶν,
1045 856 1124 946 ἄρας
1148 864 1269 926 ἐκεῖθεν
1298 858 1411 942 μετύ5

218 981 245 1033 P.
254 981 288 1036 60
298 971 401 1056 πάσης
438 970 480 1048 οἷς
500 965 566 1052 εἶχε
592 971 648 1053 τῆς
682 969 833 1050 στρατιᾶς
864 967 909 1041 εἰς
928 961 982 1029 τόν
1011 962 1153 1028 Αύλοῖνα
1172 969 1382 1044 μετασκηνοῑ,

297 1070 375 1138 ἔνθα
404 1067 514 1144 λκανύς
541 1068 661 1156 ἡμέρας
693 1063 939 1144 ἐναυλισάμενος
966 1060 1024 1147 τήν
1051 1063 1097 1135 εἰς
1117 1059 1262 1124 Σικελίαν
1289 1067 1388 1141 κυροῖ

296 1169 485 1254 περαίωσιν,
512 1165 720 1250 γνωματεύων
738 1158 857 1248 ἤρεμον
885 1159 968 1227 εἶναι
985 1161 1041 1226 τὸν
1061 1155 1240 1243 μαχόμενον
1257 1157 1314 1221 καί
1335 1160 1382 1222 εί.

296 1269 391 1355 ρήνης
410 1267 466 1334 τὸν
486 1265 623 1348 πόλεμον
651 1265 825 1350 πρύτανιν,
856 1263 1000 1336 κύκείνας
1021 1262 1219 1343 εὐδαιμονεῖν
1239 1259 1299 1323 ταῖν
1322 1257 1381 1322 πύ.

295 1375 377 1432 λεαν
407 1361 480 1432 ὅσοι
500 1365 546 1449 μή
580 1373 643 1440 τοῖς
676 1369 795 1446 τείχεσι
825 1371 891 1436 τοῖς
912 1363 943 1424 δ’
974 1359 1081 1443 ἔγχεσι
1104 1356 1317 1446 φρύγνονται,
1338 1353 1432 1432 aigro

296 1468 367 1542 τούς
385 1489 419 1550 γε
442 1467 481 1530 δι’
507 1466 631 1550 εἰρήνην
650 1463 706 1529 τὸν
728 1460 864 1542 πόλεμον
883 1457 1117 1538 α’λυσκύζοιτας
1138 1461 1305 1542 λεληθέναι
1324 1451 1383 1520 ἄν·

297 1588 405 1649 τικρυς
432 1563 570 1650 ἔφασκεν
597 1559 730 1638 ἑαυτούς
763 1555 812 1626 δτι
835 1563 974 1633 πλείονες
1002 1561 1150 1622 ἐντεύδιν
1169 1553 1212 1635 οἷς
1231 1559 1266 1622 ἐκ
1284 1554 1383 1621 πολύ-

295 1687 372 1748 χοος
391 1662 501 1747 γηδίου
523 1663 659 1749 φύονται
683 1658 713 1726 οῖ
737 1660 904 1743 διάφοροι,
926 1657 965 1742 ἢν
986 1656 1111 1739 ἔχουσιν
1132 1653 1236 1740 α’ρχήν
1254 1649 1383 1740 περικύ-

297 1785 423 1838 πτοντες
453 1761 509 1825 καί
534 1765 694 1847 σταθεροῖς
722 1755 845 1851 εἰρήνης
866 1755 1014 1836 οὐδαμῶς
1032 1755 1257 1830 α’πολαύεντες.
1298 1752 1381 1817 α’λλύ

297 1864 441 1944 ,,δειλοί”
464 1885 561 1948 φησιν
583 1857 602 1924 ὅ
623 1860 730 1942 Δαβίδ
748 1859 800 1940 „ot
819 1863 883 1922 τοῖν
903 1856 1080 1940 ύνθρύπονν
1100 1855 1163 1922 εἰσί
1183 1852 1434 1937 δίαλογισμοίι5

269 1966 352 2026 Βκαί
371 1963 555 2047 ἐπισφαλεῖς
591 1957 626 2025 αἱ
652 1954 769 2024 τούτων
799 1959 954 2036 ἐπίνοιαι,
976 1954 996 2040 ή
1019 1960 1055 2023 δὲ
1074 1953 1171 2041 βουλή
1193 1958 1250 2020 τού
1268 1956 1383 2037 κυρίου

296 2063 413 2143 βεβαία
434 2059 489 2125 καί
506 2057 746 2142 α’μετοὶπτιοτος,
769 2060 840 2121 τύδ’
860 2053 946 2121 ἐστιν
967 2051 1055 2132 ὅστις
1074 2061 1137 2121 τῶν
1155 2054 1303 2120 ύιτύνττον
1323 2053 1383 2116 αδ-

295 2159 352 2243 τήν
385 2159 670 2245 παρακρούσεται.”
720 2155 790 2221 τότε
811 2155 917 2222 τοίνυν
938 2154 994 2222 τὸν
1013 2153 1172 2239 Μανουήλ
1193 2151 1384 2237 στηρίξαντα

292 2257 350 2343 τήν
366 2259 429 2334 ἐἰς
454 2261 599 2328 Σικελίαν
626 2259 796 2336 κέλευθον,
823 2254 880 2320 καί
905 2255 983 2338 πρὸς
1011 2251 1070 2339 τήν
1088 2257 1182 2337 νῆσον
1197 2252 1375 2339 κατύραντα

295 2355 366 2443 ήτις
385 2355 593 2441 Ἀειρονήσιον
610 2356 819 2439 ἐπικέκληται,
838 2357 898 2419 τού
917 2351 1146 2437 ἐγχειρήματος
1153 2358 1288 2436 ἐπέσχον
1302 2357 1379 2419 δια·
1390 2381 1433 2420 το

295 2455 473 2539 κυνήσασαι
502 2451 537 2518 τὸ
573 2456 706 2536 πέλαγος
734 2454 886 2528 λαίλαπες
910 2452 968 2517 καί
994 2453 1251 2517 καταποντιοττκα
1286 2455 1382 2518 τούτο

295 2557 473 2638 ταράξαντα
496 2551 689 2634 πνεύματα,
721 2555 864 2636 βροντῶν
886 2576 922 2615 το
952 2548 1123 2634 μυκήματα
1142 2553 1309 2634 ἐξαισίων,
1327 2556 1385 2616 κατ’

295 2652 465 2735 α’στραπιύν
494 2652 748 2735 ἐκπυρηνιλιματα
778 2651 939 2736 τερατώδη
967 2653 1023 2715 καί
1044 2649 1216 2732 α’νύμματα
1237 2648 1383 2738 φοβερό-

295 2775 389 2816 τατα.
444 2749 500 2814 καί
528 2743 626 2826 αύθις
656 2752 684 2816 δ’
717 2753 951 2840 ἐπιβαλλομένην
970 2748 1027 2814 καί
1044 2747 1102 2835 τήν
1122 2755 1295 2837 περαίωσιν
1317 2751 1384 2814 ἐπι·

365 2943 408 2982 το.
425 2925 616 3000 ἐπικέκληται]
640 2927 750 2997 λέγεται
769 2927 800 2978 λ.
888 2941 930 2978 aa.
950 2925 1157 2997 διαταράξασαι
1173 2927 1203 2978 λ.

296 3065 347 3116 bus
379 3063 521 3116 obsistere.
543 3063 622 3115 multi
648 3063 731 3132 igitur
758 3064 832 3134 apud
850 3066 1042 3134 imperatorem
1057 3072 1233 3128 manserunt,
1251 3071 1334 3133 atque
1352 3063 1383 3118 ia

295 3135 389 3206 plrimis
408 3133 570 3188 Theodorus
590 3133 762 3203 Capelianus.
780 3137 880 3187 caeteri
899 3137 929 3187 in
947 3137 1064 3204 patriam
1075 3135 1196 3187 Siciliam
1215 3135 1363 3187 redierunt.

363 3209 389 3260 6.
425 3207 575 3274 Imperator
594 3223 658 3256 vero
677 3203 773 3256 urbem
798 3206 953 3273 ingressus,
972 3216 1001 3258 et
1020 3207 1163 3258 συστολίσαι
1181 3204 1329 3257 admiratus
1350 3215 1382 3258 ut

295 3277 375 3328 armis
394 3295 502 3345 prorsus
529 3275 753 3344 inexpugnabile,
784 3277 938 3328 firmissimo
956 3279 1152 3328 Germanorum
1172 3275 1310 3346 praesidio
1329 3277 1382 3326 ina-

294 3348 401 3415 posito,
422 3365 482 3398 curn
496 3347 569 3398 omni
588 3347 707 3396 exercitu
727 3346 861 3398 Anionem
878 3347 988 3411 transit,
1009 3348 1105 3416 ibique
1125 3365 1173 3416 per
1194 3346 1301 3416 aliquot
1320 3345 1381 3398 dies

295 3425 475 3470 commoratus
503 3417 703 3484 navigationem
726 3417 755 3466 in
782 3418 902 3469 Siciliam
931 3417 1067 3482 decernit,
1093 3417 1166 3488 quod
1186 3435 1248 3468 eum
1271 3418 1381 3468 demum

295 3487 474 3554 tranquillum
500 3487 615 3558 putabat
637 3489 686 3556 qui
705 3496 854 3556 pugnaret,
874 3498 902 3539 et
922 3487 1027 3540 bellurn
1048 3490 1122 3557 pacis
1139 3497 1320 3558 sequestrum,
1337 3497 1382 3538 et-

294 3573 348 3625 qne
367 3573 412 3608 eas
431 3557 511 3609 urbes
530 3559 623 3610 felices
641 3557 790 3622 iudicabat,
810 3577 880 3628 qaae
892 3576 950 3610 non
961 3560 1106 3612 moenibus
1127 3559 1176 3610 sed
1188 3559 1299 3610 ensibus
1318 3575 1381 3608 ma-

293 3627 435 3680 nirentur:
462 3645 524 3678 nam
552 3629 599 3696 qni
630 3629 733 3681 bellam
761 3631 835 3698 pacis
861 3647 954 3682 amore
977 3631 1099 3699 fugiant,
1117 3647 1164 3681 eos
1182 3647 1238 3681 aon
1256 3627 1382 3680 animael-

294 3705 399 3748 vertere
417 3697 508 3766 plures
529 3698 582 3750 sibi
612 3707 644 3751 ut
661 3700 800 3768 pulverem
819 3717 834 3751 e
853 3710 925 3752 terra
942 3701 1047 3753 friabili
1066 3700 1158 3752 hostes
1178 3701 1313 3763 existere,
1331 3700 1379 3768 qui

295 3773 323 3818 et
340 3767 483 3838 imperium
509 3785 602 3820 eornm
631 3769 773 3834 accidant,
800 3788 853 3823 nec
871 3771 966 3824 stabili
983 3789 1049 3842 pace
1067 3773 1142 3840 ipsos
1161 3770 1215 3822 frui
1233 3770 1380 3839 patiantur.

210 3877 218 3892 a
294 3846 450 3904 caeterum,
475 3848 505 3890 nt
522 3839 650 3891 Salomon
669 3840 798 3904 allirmat,
818 3843 896 3894 irrita
915 3852 980 3895 suat
995 3843 1137 3894 hominum
1154 3841 1270 3894 consilia
1290 3849 1318 3892 et
1337 3840 1383 3890 la-

293 3907 384 3962 brieae
403 3909 598 3978 cogitationes:
617 3919 645 3962 at
663 3910 768 3962 damini
785 3914 954 3982 propositum
973 3907 1080 3965 firmum
1097 3921 1140 3966 est
1151 3920 1234 3982 atque
1253 3911 1381 3962 immuss-

293 3979 368 4042 bile,
386 3995 476 4052 aeque
500 3983 643 4050 qnisquam
662 3982 783 4034 omnium
810 3983 840 4033 ial
859 3984 961 4047 evitare
979 3993 1071 4053 queat
1086 3985 1124 4036 ita
1143 3984 1226 4035 etiam
1243 3981 1384 4033 Mennelis

293 4049 465 4114 institutum,
484 4071 545 4104 eum
563 4053 592 4102 in
610 4051 730 4104 Siciliam
751 4053 804 4104 iter
823 4053 988 4107 intendisset
1010 4053 1092 4107 etad
1110 4051 1285 4106 Aeronesism
1305 4052 1382 4104 insn-

294 4119 349 4172 lana
375 4123 540 4192 appulisset,
565 4123 701 4204 procellae
726 4133 869 4177 ventorum
892 4139 967 4174 snare
993 4126 1160 4194 exagitantes
1188 4121 1382 4204 horrendaque

295 4188 416 4244 tonitrua
435 4201 462 4246 et
480 4192 615 4246 terribilis
633 4191 846 4264 prodigiosaqne
859 4193 975 4248 farlmiaa
988 4205 1047 4249 toto
1060 4196 1136 4248 caelo
1149 4193 1315 4246 colluceatia
1337 4209 1381 4244 ιο-
