3017 4892
319 413 373 476 nn
402 407 567 477 nuncio
599 407 766 478 lutuno
795 413 927 478 un.1.
1080 383 1160 471 501

83 561 224 639 πσνθεν,
245 559 297 624 καλ
320 561 407 644 παρά
434 583 470 644 γε
492 561 557 646 θεῷ
579 557 818 646 άνεπέγκλητον,
845 564 905 628 τοό
926 561 1061 643 έννόμως
1089 591 1166 648 κρα-

82 659 211 733 τοῦντος
230 656 486 742 προκινδυνεύειν
505 657 582 734 τούς
604 657 656 722 ὑπ’
677 657 798 743 άρχὴν,
826 653 849 745 ἢ
874 661 953 742 γοῦν
978 666 1168 746 προσρέπειν

84 753 181 840 άνόρό
198 759 386 843 νεωτεριστῇ
405 755 462 822 κατ’
482 758 548 822 κατ’
572 757 714 842 αλλήλων
749 755 1003 840 έκπολεμιόσαιτι
1031 756 1066 824 τό
1090 756 1168 840 όμό-

82 861 231 936 rinnon.
273 856 304 921 ελ
323 856 358 921 δέ
377 879 458 933 τινες
476 849 539 920 εἶεν
557 858 848 940 μετακνβευομένην
867 853 990 940 ἔχοντες
1015 856 1073 940 την
1091 857 1170 941 yssi-

57 953 150 1039 5μην
169 957 226 1020 κατ’
248 948 485 1040 άμφιτάλαντον
508 945 799 1038 ἢπροσκεχηνυῖαν
818 949 894 1041 όλην
921 960 966 1042 τῷ
988 955 1170 1042 α’ποστάτῃ,

84 1049 141 1118 καὶ
161 1052 349 1138 δυσεροότας
369 1057 468 1119 αότού
482 1045 650 1136 ἔξέχονται,
663 1057 719 1118 κατ’
739 1051 775 1120 ὃν
792 1059 873 1138 χθὲς
885 1054 929 1131 ὦς
948 1051 1100 1139 δεσπότην
1120 1058 1172 1119 ‹le-

84 1151 255 1236 σμόχειρες
286 1150 504 1238 ἐθεράπευον,
535 1155 644 1218 τσότον
674 1153 823 1219 α’θετοόσι
852 1153 1007 1239 σήμερον,
1047 1153 1172 1239 αἴτησιν

83 1247 199 1334 ταύτην
220 1249 339 1326 αύτούς
361 1253 512 1331 αι’τούμαι
537 1249 754 1336 δικαιοτάτην,
775 1252 822 1318 ἐπ’
849 1250 936 1318 οἴκου
962 1249 1081 1333 ἱζάνειν
1109 1277 1172 1336 μη·

86 1351 154 1416 όενό
173 1348 405 1434 ἐπαρῆμοντας,
428 1351 487 1426 ἕως
509 1342 549 1415 άν
576 1352 702 1438 πολέμῳ
724 1349 905 1436 όιακριθεόη
933 1350 974 1416 τά
1003 1350 1205 1438 πράγματαῦ

42 1452 144 1514 ionas*
160 1451 205 1536 τῷ
224 1451 347 1514 νικοῖντι
369 1449 450 1542 πρός
470 1457 534 1524 τοῖς
556 1443 663 1525 ἄλλοις
679 1445 921 1533 ύποπεσούνται,
940 1445 1173 1535 ἢμεταχωρεῖν

87 1550 123 1624 ές
138 1547 193 1614 τόν
211 1548 389 1634 α’ποστάτην
409 1549 442 1627 ἐξ
463 1548 562 1632 αότῆς
582 1551 638 1612 καί
655 1547 717 1631 πρό
737 1551 832 1634 τῆσάε
851 1552 907 1634 τῆς
923 1555 1105 1635 συμπλοκῆς
1117 1543 1175 1615 κά-

87 1646 191 1710 κεένου
212 1651 423 1730 προπολεμεῖν
440 1669 475 1712 τε
495 1650 552 1711 κατ’
570 1647 846 1731 προκινδυνεύειν,
876 1643 962 1724 όποις
992 1647 1048 1713 κατ’
1076 1649 1175 1733 χάριν

87 1742 205 1810 εἴσεται
222 1745 349 1810 πλείονα
360 1748 523 1830 τροπαίοις
536 1745 713 1830 άναόηθεές.
755 1746 799 1823 ὥς
818 1747 888 1832 τόγε
907 1747 981 1830 ε’μοί
997 1751 1058 1830 μὲν
1076 1771 1176 1830 προσ-

87 1845 265 1906 κολλᾶσθαι
296 1845 353 1906 καί
377 1847 500 1924 χείλεσι
525 1849 634 1926 τιμάν,
667 1841 765 1935 ἑτέρην
794 1848 830 1913 δέ
852 1849 1111 1932 προονενευκέναι
1136 1849 1177 1931 τῇ

41 1942 205 2026 statutt,
225 1943 356 2029 κάκτένῳ
377 1941 545 2022 άπονέμειν
569 1937 655 2007 άπαν
676 1943 713 2006 τό
735 1942 925 2029 πρόθυμον,
959 1948 1017 2009 σόα
1050 1941 1122 2010 οἶδα
1148 1943 1181 2007 εἴ

87 2062 138 2113 τις
157 2035 212 2102 κατ’
225 2040 430 2120 ἐπαινέσεται,
446 2033 467 2123 ἢ
486 2035 572 2115 ὅπως
594 2043 841 2128 ζυμοστατηθεέη
862 2042 948 2128 παρά
968 2045 1044 2132 θεῷ,
1067 2041 1102 2119 ὃς
1121 2039 1178 2117 τάς

87 2136 146 2202 ἐπὶ
166 2133 303 2219 στήθους
322 2137 442 2213 ἐννοίας
463 2137 600 2217 ἐξετάζει
620 2143 838 2226 φιλοδικαόως.
880 2139 915 2208 τό
942 2140 1004 2226 γάρ
1028 2139 1077 2206 ἔτι
1104 2139 1178 2207 τού·

87 2261 151 2302 των
172 2246 282 2319 χεῖρον
297 2239 352 2301 καί
375 2235 600 2304 ἀναιδέστατον
622 2240 696 2304 otti
719 2243 881 2322 βαλέσθαι
899 2239 1079 2325 προάγομαι
1097 2237 1178 2304 κατά
1205 2228 1210 2236 ’

88 2338 174 2416 νοῦν,
192 2336 335 2400 τουτέστι
353 2331 409 2400 τόν
424 2338 481 2402 τοῦ
493 2341 632 2418 πολέμου
649 2335 762 2422 καιρόν
782 2341 973 2420 αότομολέας
987 2339 1177 2425 ἐργάζεσθαι

44 2458 81 2501 το
90 2433 168 2519 πρὸς
180 2433 232 2498 τόν
245 2435 407 2518 τύραννον,
425 2437 481 2500 κατ’
492 2434 588 2502 κακόν
600 2445 665 2514 τοῖς
682 2441 834 2514 ἐκλεκτοῖς
843 2437 977 2524 άνόράσι
988 2443 1176 2524 προκεῖσθαι
1183 2451 1211 2506 Ρ.
1221 2452 1275 2522 τέο

89 2533 291 2618 παράδειγμα
310 2534 354 2609 εἰς
364 2531 399 2598 τό
412 2539 699 2616 συμμεθιστασθαέ
707 2561 801 2624 σφισι
818 2541 873 2602 καί
890 2538 1119 2621 προσαπαέρειν
1129 2539 1178 2612 εἰς

89 2636 213 2714 ἕτερον,
224 2630 242 2697 ό
254 2631 332 2696 κάπί
347 2642 413 2708 τοῖς
422 2633 572 2720 α’γεληόόν
586 2640 762 2716 πετομένοις
775 2646 900 2721 πτηνοῖς
914 2633 1039 2722 δράμεν
1053 2632 1176 2719 γινόμε.

89 2755 155 2796 νον·
179 2727 247 2809 ἑνός
257 2730 316 2815 γάρ
335 2728 524 2810 άναπτάντος
537 2738 593 2800 κατ’
603 2730 643 2800 τά
653 2733 747 2800 λοιπά
759 2735 908 2822 ῥοιζηδὸν
921 2737 1175 2814 όυνανάττανται,

90 2831 148 2898 καί
158 2835 197 2919 τῇ
211 2833 267 2898 τοῦ
278 2827 388 2917 ἑτέρον
402 2829 597 2899 καταπαύσει
608 2837 833 2902 συστέλλουσιν
846 2831 969 2901 ἅπαντα
984 2832 1018 2898 τό
1031 2833 1178 2919 πτερόν.”

161 3003 204 3056 23.
223 2999 286 3062 ἑνός
303 2989 360 3074 γάρ
379 3005 537 3076 στρουθίον
557 3003 734 3062 πετάσαντες
751 3004 781 3060 Β.

90 3163 217 3226 peratore
234 3164 356 3225 pugnent
375 3173 455 3226 quam
476 3157 685 3212 cuiu.sediti0sn
703 3173 735 3209 nc
747 3158 834 3210 ciuilis
853 3157 921 3210 belli
939 3163 1050 3208 uictore
1069 3172 1099 3207 se
1112 3171 1177 3208 cen·

91 3227 214 3294 iungunt.
234 3228 256 3277 si
276 3229 324 3296 qni
351 3243 413 3278 νετο
441 3237 506 3282 sunt
524 3246 639 3298 quornm
659 3229 743 3280 animi
765 3228 895 3280 vacillent
912 3245 943 3280 τε
960 3227 1109 3288 fluctuent,
1129 3234 1178 3278 sut

90 3298 204 3349 omniuo
223 3295 435 3350 aluminosum
459 3317 556 3367 magno
574 3301 678 3369 impetu
696 3299 796 3350 amoris
816 3300 954 3361 serantur,
972 3305 1000 3348 et
1018 3313 1099 3364 quem
1116 3295 1178 3348 heri

92 3376 123 3418 ut
141 3369 275 3436 mancipia
295 3368 435 3421 dominum
455 3371 612 3433 coluerunt,
632 3387 693 3420 euin
713 3368 797 3420 hoelis
815 3370 955 3429 reiiciant,
982 3365 1017 3416 nb
1036 3367 1069 3418 iis
1088 3367 1177 3435 impe-

92 3446 191 3490 tratum
211 3439 293 3491 velim
319 3457 374 3490 rem
396 3441 506 3491 omnino
532 3439 741 3509 aequissimam,
772 3449 803 3492 ut
830 3437 903 3489 domi
929 3436 1056 3489 sedentes
1085 3437 1176 3488 neutri

92 3509 280 3577 opitulentur,
301 3509 388 3562 donec
407 3511 511 3580 praelio
533 3509 666 3579 dirempta
684 3511 767 3563 fuerit
783 3509 985 3571 controversis,
1011 3525 1042 3557 τε
1061 3512 1119 3558 tum
1146 3515 1178 3560 ut

91 3579 267 3632 encleticum
287 3582 388 3634 victore
408 3597 438 3633 ιο
459 3581 641 3648 coniungunt,
667 3590 716 3632 aut
734 3583 826 3633 statim
845 3589 908 3631 aute
931 3595 1048 3648 pugnam
1073 3577 1108 3630 ad
1127 3578 1178 3629 lio·

91 3659 161 3702 stem
181 3651 283 3703 abeant
301 3669 331 3703 sc
352 3669 401 3720 pro
423 3652 482 3704 eius
503 3651 590 3703 salute
609 3650 754 3713 dimicent,
779 3668 835 3721 quo
870 3651 964 3702 ratium
983 3649 1070 3700 abeo
1090 3651 1178 3700 vicio-

92 3721 160 3772 :ian
178 3720 279 3791 adepto
296 3723 426 3774 maiorem
445 3722 547 3774 ineunt.
565 3739 627 3774 unm
645 3737 688 3774 ms
699 3721 818 3792 quidem
836 3669 917 3772 lallsiis
928 3719 1079 3782 honorare,
1095 3719 1178 3771 corsis

91 3807 156 3841 vero
187 3792 268 3844 alteri
300 3793 423 3846 addictos
454 3809 512 3844 esse
544 3810 575 3843 ac
604 3809 683 3844 omne
714 3792 835 3844 studium
867 3791 991 3855 deferre,
1017 3790 1092 3842 haud
1119 3790 1176 3842 scio

92 3878 125 3914 sn
145 3859 180 3913 ab
198 3863 256 3914 ullo
272 3865 383 3933 probari
406 3871 454 3916 aut
471 3863 522 3914 deo
543 3865 651 3932 placere
670 3865 774 3933 possit,
791 3862 840 3933 qui
865 3862 1012 3932 aequitatis
1030 3879 1122 3913 smnus
1145 3861 1177 3914 in

92 3933 244 3984 animorum
266 3951 386 3987 recessus
401 3934 524 4004 inquirit.
542 3951 604 3984 nam
619 3933 653 3984 ab
671 3933 793 4004 eoquod
809 3933 844 3985 iis
880 3933 939 3985 eius
953 3941 995 3985 est
1010 3949 1042 3985 sc
1053 3932 1177 3984 omnium

92 4003 368 4071 impudentissimum,
388 4007 494 4056 unimus
508 4021 618 4074 qnoque
636 4002 782 4068 abhorret,
799 4003 845 4056 vid
874 4006 928 4056 icet
946 4021 981 4056 ne
1000 4005 1049 4074 qui
1068 4018 1176 4073 pugnus

92 4081 214 4143 tempore
236 4075 270 4128 sd
291 4085 434 4143 tyranuum
456 4075 584 4127 deliciunt
602 4085 629 4128 et
646 4074 775 4146 probatos
796 4076 877 4127 etism
893 4077 965 4127 viros
983 4077 1107 4144 exemplo
1124 4089 1175 4125 suo

92 4155 272 4216 corrismpnnt
295 4146 324 4197 id
346 4145 421 4215 ιμιοά
443 4147 471 4196 iu
493 4145 585 4197 avilius
605 4153 675 4216 qune
695 4147 823 4214 gregatim
846 4148 940 4217 volunt
963 4148 1091 4202 cernitur.
1111 4161 1176 4195 uam

92 4215 140 4266 ubi
159 4233 212 4270 uua
232 4216 399 4278 subvolarit,
419 4216 542 4286 reliquae
561 4234 653 4268 omues
670 4235 724 4268 uun
744 4217 869 4269 avolant:
897 4217 945 4268 ubi
968 4235 1022 4268 sina
1043 4213 1176 4267 consede·

92 4282 172 4352 desit,
190 4287 314 4359 reliquus
328 4287 410 4344 etism
428 4286 594 4342 consident.”
614 4287 681 4384 haec
693 4297 837 4360 propterea
850 4287 971 4350 dicebat,
984 4285 1059 4356 quod
1075 4283 1176 4338 lohan-
