3017 4892
351 325 520 394 lmxrus
551 325 753 394 umerus
786 326 969 395 courmr
997 334 1032 394 r.
1070 427 1076 434 ι
1150 305 1234 392 303

150 481 307 568 προϊοῦσα
326 481 383 544 καί
400 480 464 546 τῶν
482 476 651 562 βασιλείαν
671 475 982 563 άποσκορακισθῆναι
1000 482 1111 572 τοῦτον
1123 483 1237 548 ἐνίκα·

151 603 188 647 το
212 582 402 661 ἐξαιτοάσα,
429 580 486 644 καί
508 571 560 646 οἷά
579 601 610 643 τι
635 581 819 664 παρεκφυὲν
850 573 987 656 ζιζάνιον
1013 580 1071 663 τῆς
1080 583 1237 665 ,εὐγενοῦς

150 680 397 762 ἀποσπασθῆναι
420 677 580 766 φυταλιάς
597 679 652 744 καί
671 678 872 761 ζημιωθῆναι
893 673 1025 767 δλέθρρι,
1045 686 1238 764 συναναβαῖι

150 803 204 844 νον
222 781 277 844 καί
301 785 475 860 συμπνῖγον
504 775 547 854 ὥς
566 783 654 870 οἶτον
680 773 734 841 τὸν
751 777 981 860 αὐτοκράτορα.
1032 771 1072 863 ἦν
1092 780 1129 844 δὲ
1150 775 1238 845 ἅντι-

121 881 229 964 5κρυς
251 875 443 962 άριγνονμὲνη
464 872 549 958 digeri
581 877 745 941 τελέεσθαι
766 871 913 956 ἔμελλεν·
954 873 1056 962 δγάρ
1078 877 1162 964 άνηρ
1182 871 1239 943 οδ·

149 999 202 1054 τος
219 981 284 1054 τοῖς
302 975 516 1060 άνακτορικοῖς
534 971 694 1057 θαλάμοις
713 974 757 1050 nic
774 972 932 1052 πολύπους
945 983 1017 1052 ταῖς
1030 979 1161 1060 πέτραις
1180 1002 1239 1042 κα.

151 1073 261 1154 θάπαξ
284 1072 391 1160 ε’μφίις
412 1073 469 1140 καί
488 1071 546 1150 τάς
567 1073 778 1158 κοτυληδόνας
797 1069 899 1163 κάκλιρ
923 1073 1050 1161 διαφείς
1071 1075 1141 1140 οὐδ’
1161 1071 1240 1153 diosc

150 1176 356 1258 μεταβαίνειν
373 1169 495 1239 ἐκεῖθεν
514 1169 680 1258 ἠβούλετο.
722 1175 779 1238 καί
802 1169 918 1257 δήποτε
939 1178 997 1241 τοῦ
1010 1177 1168 1258 βασιλέως
1185 1179 1242 1241 καί

151 1273 297 1360 άδελφοῦ
316 1272 549 1358 διηπειληκὸτος
567 1273 606 1360 τῇ
631 1270 807 1360 κασιγνήτῳ
828 1275 1034 1362 Καισαράτοη
1055 1275 1112 1358 τὴν
1131 1273 1166 1340 ἐκ
1183 1278 1242 1340 τοῦ

106 1369 209 1442 toarni
246 1370 417 1458 ἀφαίρεσιν
445 1370 501 1437 καί
531 1370 745 1452 κατάσπασον,
777 1373 809 1437 εἰ
824 1369 868 1457 μὴ
899 1375 1027 1458 ε’κσταιη
1048 1369 1238 1440 isodomon

150 1471 248 1558 ἱεροῦ,
271 1473 420 1557 (βασιλέα
440 1473 477 1536 δὲ
491 1472 590 1555 λέγων
611 1469 724 1537 adsoni
743 1475 1006 1556 πρωτοσεβαστοῦ
1026 1477 1111 1559 φημί
1128 1474 1239 1539 ε’πιτά.
1248 1489 1276 1545 Ρ.
1289 1491 1335 1545 rba

151 1595 257 1656 γματα
276 1572 331 1636 καί
350 1573 404 1654 τῆς
422 1574 480 1636 τοῦ
497 1573 653 1653 βασιλέως
674 1568 821 1658 μητρός),
841 1568 876 1636 ro*
898 1567 1017 1636 ἑκοῦσα
1035 1567 1117 1636 εἶναι
1135 1575 1241 1659 μηδα.

151 1675 220 1753 μοῖς
249 1673 420 1752 προελθεῖν
452 1667 689 1756 α’ντηπείληοεν.
731 1667 824 1735 ἔνθεν
843 1694 892 1736 τοι
923 1669 980 1736 καί
1012 1673 1173 1737 δεδοικυῖα
1190 1672 1238 1757 μη

153 1769 372 1856 συλληφθείη,
402 1777 475 1844 ταῖς
500 1791 535 1834 τε
559 1769 674 1845 πάλαις
694 1773 753 1834 τοῦ
779 1768 839 1835 νεά
858 1769 1006 1857 ἐφίστησι
1023 1769 1168 1858 φάλακας
1187 1775 1245 1838 καί

111 1867 260 1944 ι5πάσας
280 1865 338 1945 τάς
360 1863 504 1944 εἰσόδους
533 1864 744 1950 διαλαμβάνει
767 1878 940 1954 φρουραῖς,
962 1866 1016 1934 τὸν
1033 1871 1089 1953 τῆς
1106 1893 1243 1954 προσευ.

152 1971 213 2052 γῆς
234 1961 319 2032 οἶκον
338 1963 595 2058 διασκευάζουσα
624 1963 702 2050 πρὸς
721 1962 929 2054 ληστηριονῆ
950 1969 1107 2053 φρούριον
1124 1968 1244 2052 imit

153 2070 209 2132 καί
227 2061 404 2148 άπότομον,
425 2063 608 2130 δυσάλωτον
634 2071 700 2142 τοῖς
728 2062 990 2149 προσβάλλουσιν.
1029 2062 1085 2131 nst
1101 2067 1131 2130 δ
1149 2069 1242 2132 ἐπει.

154 2167 318 2249 τεινομένη
335 2171 402 2241 τοῖς
423 2165 549 2247 χείροσι
568 2164 624 2228 καί
643 2165 860 2248 προβαίνουσα
880 2170 947 2239 τοῖς
967 2163 1025 2229 οὐκ
1041 2165 1242 2249 ίπαινετίοις,

153 2263 209 2328 καί
229 2261 428 2346 ξυμμαχικὸν
446 2259 551 2347 τάγμα
579 2267 738 2346 ξενολογεί
754 2265 811 2328 καί
830 2264 939 2348 τίθησι
957 2263 1168 2356 στρατόπεδρν
1186 2264 1242 2332 τόν

107 2385 147 2428 το
155 2367 243 2428 θεῖον
270 2361 453 2447 περίβολον·
507 2365 564 2427 καί
590 2361 768 2437 Ἰταλιώτας
799 2358 860 2446 γάρ
885 2361 1080 2446 συναγήοχεν
1099 2358 1240 2446 ‹inienui-

155 2485 254 2546 χους,
289 2465 344 2528 καί
373 2459 583 2544 μεγαθύμους
613 2455 710 2548 iginus,-
749 2458 1012 2547 ἐστρατολόγησεν
1023 2457 1153 2548 Ἴβηρας
1172 2468 1242 2528 κατ’

156 2561 312 2646 ἐμποράιν
343 2560 382 2648 τῇ
403 2555 494 2626 πόλει
513 2557 775 2647 παραβαλόντας,
801 2562 858 2626 καί
872 2559 1037 2644 Ῥωμαίων
1056 2558 1242 2628 introire·

156 2681 218 2726 σαν
237 2659 435 2727 ἐπεσπάσατο
464 2660 629 2747 φάλαγγα,
660 2661 861 2745 ίμπαζομίνη
882 2657 1018 2747 μηδενός
1039 2659 1078 2726 τά
1099 2659 1179 2748 πρὸς
1193 2663 1239 2728 εί.
1249 2687 1272 2742 Β,

205 2825 212 2838 ’
230 2847 257 2899 5.
276 2839 346 2916 rei]
359 2841 448 2917 πέρας
464 2845 560 2914 λαβεῖν
569 2844 600 2897 Δ.
670 2845 696 2898 6.
713 2843 752 2902 oie
766 2841 925 2917 πολύπους]
946 2845 984 2903 sir
1004 2841 1072 2898 ου’δλ
1085 2805 1245 2901 inundetur

230 2915 273 2972 ελε
290 2918 398 2982 πέτραν
413 2913 442 2966 Β.
493 2919 518 2970 8.
536 2913 679 2988 titudine]
700 2914 829 2986 ιΙρέτιστο
846 2916 878 2966 Δ.
929 2931 970 2968 ιι.
985 2913 1011 2965 δ’
1026 2914 1125 2985 ἔλεγον
1139 2915 1175 2970 τά
1192 2917 1245 2972 τοι·

227 3000 316 3056 πρατ.
335 2983 537 3048 δπαξιίπαντετ
551 2985 625 3039 turs.
645 2986 675 3037 A.

68 3187 76 3198 .
162 3149 254 3210 retur,
272 3145 448 3215 postulabat,
469 3150 498 3199 et
514 3145 601 3200 veluti
619 3161 723 3198 ramum
739 3143 925 3199 adulterinum
945 3159 980 3198 ex
994 3141 1084 3196 nobili
1102 3144 1185 3213 stirpe
1203 3161 1246 3197 re-

160 3215 226 3270 velli
244 3221 273 3268 et
289 3214 388 3285 perdi;
406 3217 455 3287 qui
473 3217 496 3268 si
513 3233 569 3268 una
588 3215 774 3280 adolesceret,
796 3216 988 3286 imperatorem
1006 3216 1185 3266 suffocaturus
1203 3232 1247 3268 es-

160 3294 210 3339 set.
229 3293 367 3340 caeterum
394 3302 427 3340 en
450 3286 625 3340 desiderabat
640 3287 739 3344 mulier
767 3301 838 3356 quse
855 3293 986 3338 eventura
1001 3300 1059 3336 non
1076 3292 1166 3336 erant:
1183 3303 1247 3352 nam

161 3357 210 3409 ille
227 3357 269 3408 vir
282 3357 462 3428 imperatricis
479 3357 599 3410 thalamo
616 3365 649 3410 ut
664 3356 782 3428 polypus
844 3357 894 3408 tris
912 3355 1077 3418 adhaerens,
1096 3354 1246 3409 acetabulis

161 3427 263 3497 passim
290 3430 434 3497 expansis,
450 3443 625 3514 nequaquam
644 3427 709 3482 inde
727 3427 782 3480 eibi
800 3372 996 3480 ‹didcedeudum
1014 3425 1137 3494 putabet
1154 3434 1246 3481 caete-

161 3515 221 3550 rum
243 3497 407 3570 imperatore
422 3515 510 3553 sorore
530 3498 699 3553 Caesarianae
715 3497 897 3562 comminata,
915 3495 971 3549 nisi
988 3495 1061 3550 ultro
1077 3497 1181 3568 templo
1198 3513 1246 3552 ex-

161 3567 290 3633 cederet,
308 3569 336 3621 vi
359 3569 525 3624 abstractum
548 3570 583 3622 iri
599 3569 673 3636 (eum
698 3571 890 3640 imperatorem
912 3567 993 3632 dico,
1018 3568 1201 3636 protosebnsti
1217 3576 1247 3621 et

161 3639 255 3692 matris
275 3641 445 3712 imperatoris
469 3641 560 3694 edicta
586 3637 679 3712 dieo),
697 3639 747 3692 illa
772 3655 802 3692 se
819 3638 892 3692 ultro
915 3655 1082 3692 excessuram
1100 3648 1248 3709 pernegat;
1318 3631 1326 3648 ⁸

163 3715 193 3762 et
208 3711 295 3778 perita
312 3727 347 3764 ne
367 3710 651 3782 comprehenderetur,
672 3707 798 3764 metodee
817 3709 847 3764 in
866 3710 953 3780 portis
971 3709 1087 3762 collocat
1106 3718 1135 3762 et
1152 3725 1247 3763 omnes

160 3777 255 3833 aditus
277 3782 421 3850 praesidiis
447 3783 554 3846 munit,
583 3781 663 3837 domo
689 3780 855 3852 precationis
879 3782 910 3834 in
937 3781 1094 3850 speluncam
1108 3781 1247 3838 latronum

159 3856 214 3904 eut
230 3853 373 3906 castellum
401 3853 613 3910 munitissimum
638 3859 668 3906 et
689 3851 901 3923 inexpugnabile
919 3869 1055 3906 conseres.
1072 3854 1112 3904 ita
1128 3851 1247 3905 subinde

161 3935 304 3990 progressa
323 3924 352 3976 in
373 3921 493 3978 deterius
512 3933 541 3978 et
560 3941 602 3978 res
619 3921 766 3976 illaudatus
785 3939 908 3992 aggressa
922 3925 1014 3994 copias
1024 3917 1170 3976 arrxiliar'e‘s
1181 3939 1249 3974 ron·

161 3991 276 4057 scribit,
298 4001 326 4046 et
355 3995 451 4066 templi
474 3995 607 4050 ambitum
622 4001 709 4050 ossus
729 3993 803 4046 sarit.
826 4011 889 4048 nasu
909 4002 939 4046 et
956 3995 1066 4047 Italicos
1083 3993 1249 4063 gladiatores

164 4063 268 4130 coegit,
290 4072 319 4116 et
335 4065 519 4134 magnanimos
535 4067 628 4120 Iberes
652 4081 686 4117 ex
704 4064 818 4118 Oriente
835 4065 1004 4136 conscripsit,
1023 4065 1071 4136 qui
1089 4063 1250 4132 negotiandi

165 4148 246 4184 mursa
273 4133 304 4184 in
332 4135 399 4188 urbe
418 4147 507 4205 αττηις
529 4145 557 4190 et
586 4145 715 4192 armatam
742 4137 924 4208 Romanorum
946 4135 1108 4206 pbalangem
1136 4133 1249 4196 aseivit,

162 4203 330 4276 mntemptis
358 4205 486 4264 omnibus
504 4209 552 4280 qui
580 4207 616 4263 ad
633 4225 728 4282 paoem
745 4207 942 4271 hortabantur,
958 4224 1011 4260 nee
1028 4208 1117 4276 ipsum
1132 4204 1249 4278 patriar-
