3017 4892
256 269 311 358 58
595 297 768 364 nicerte
806 293 1041 362 cnonumn

251 445 344 530 ύμύν
355 447 383 512 δ’
394 441 440 512 ἔτι
452 443 647 528 κραταιύσαι
659 443 717 520 τός
730 450 840 528 χεῖρας
853 439 907 507 καί
919 439 1086 523 ἐνισχῦσαι
1096 441 1177 506 κατὰ
1190 440 1332 519 τύντυῦς

251 549 407 627 πολέμους
426 538 597 610 ἐθελόντων
617 545 742 622 ἐθνῶν,
767 540 822 606 καί
840 544 914 626 παρ’
936 534 982 614 οἷς
1004 539 1152 620 ούδαμῦς
1170 542 1331 626 ἐπικέκλη-

250 669 305 712 ται
322 643 358 709 τό
379 639 467 726 άμιον
486 643 543 706 καί
559 639 639 725 ύπέρ
654 643 717 706 πάν
737 633 837 722 όνεμα
855 641 916 706 τοῦ
935 641 1015 704 θεοῦ
1034 635 1133 723 ἡμῶν.
1157 641 1275 703 ἐπεῖται
1294 641 1331 704 δέ

248 741 348 807 ταῦτα
355 790 365 822 ,
385 741 415 805 εί
436 735 491 804 καί
508 739 599 820 ύμεΐς
620 740 674 823 τῆς
694 740 798 816 δεξιός
821 741 881 802 τοῦ
899 734 1036 820 ύψίστοο
1056 734 1112 800 καί
1129 738 1185 802 τοῦ
1202 735 1332 819 ῦψηλοῦ

221 843 418 924 Ββραχιονος
435 839 585 925 ἐξαρτᾶτε
603 834 637 902 τό
659 837 919 920 κατορθούμενον,
940 833 995 899 καί
1011 829 1137 917 ἤγεμύν
1159 833 1236 915 ύμῖν
1256 831 1358 901 est-5

248 943 307 1005 θεν
329 937 520 1022 δοθήσεται,
539 934 584 1020 μη
606 934 783 1020 δημοβόρος
800 959 848 1013 τις
867 933 922 999 κατ’
942 932 999 1019 τη’ν
1010 934 1117 1018 κλῆσιν
1136 930 1330 1015 ψευδόμενος

247 1032 325 1124 ἢτό
347 1030 427 1124 η’θος
444 1031 610 1117 άνοόμαλος
638 1033 787 1118 καὶπερὶ
810 1035 975 1117 1τράπεζαν
998 1029 1142 1118 κεκυφώς
1161 1034 1216 1096 καί
1245 1032 1330 1114 όχῦν

249 1134 303 1202 αἐί
319 1143 384 1212 τοῖς
412 1131 576 1212 δακτύλοις
596 1132 651 1200 τόν
670 1131 791 1198 κύαθον
818 1131 874 1198 καί
892 1136 955 1198 τῦν
975 1126 1156 1216 όυακτόρων
1173 1132 1330 1217 μηδαμῶς

248 1230 493 1316 α’ποσποόμενος,
526 1229 587 1300 άσα
619 1231 674 1297 καί
694 1230 723 1297 οἱ
744 1233 779 1297 ἐν
811 1239 875 1306 τοῖς
895 1233 1013 1314 τοίχοις
1027 1229 1082 1295 διό
1103 1229 1254 1316 ψηφίδων
1274 1231 1331 1293 καί

243 1331 424 1418 χρωμάτων
443 1333 671 1413 είκονιζόμενοι,
692 1325 742 1396 ότι
761 1329 817 1395 καί
835 1335 927 1416 φιλεῖ
942 1354 1010 1406 πως
1031 1334 1073 1418 τῇ
1090 1325 1170 1393 κατά
1192 1325 1248 1392 τόν
1269 1321 1327 1411 dp·
1340 1354 1377 1396 ιο

245 1454 341 1514 χοντα
364 1434 507 1497 διαθέσει
526 1433 788 1498 συνδιατίθεσθαι
817 1426 856 1495 τά
876 1427 979 1495 πάντα
1002 1431 1058 1493 καί
1075 1431 1229 1492 ἕπεσθαι·
1271 1421 1329 1490 dre

243 1527 306 1615 γάρ
342 1532 385 1596 δι’
416 1527 517 1598 αύτόν
551 1523 692 1614 όρχῆθεν
720 1526 895 1611 γενόμενα,
927 1529 1137 1609 κακυνομένου
1156 1530 1216 1607 μὲν
1234 1527 1327 1590 τοῦδε

244 1628 302 1694 καί
320 1626 404 1694 αύτά
432 1624 682 1711 μεταβάλλεται,
712 1627 950 1711 α’γαθυνομένου
981 1628 1018 1691 δὲ
1046 1625 1142 1690 πόλιν
1170 1621 1250 1708 πρὸς
1270 1620 1327 1707 την

244 1727 388 1792 ἐναντίαν
409 1725 514 1814 φοράν
534 1727 712 1808 ἐπανίασιν,
734 1721 782 1801 οῦς
798 1727 856 1791 τοῦ
875 1728 955 1790 θεοῦ
974 1721 1053 1790 κατά
1074 1721 1245 1805 τόνΔαβίδ
1263 1729 1326 1796 τοῖς

244 1829 379 1909 ἀγαθοῖς
407 1824 463 1892 καί
493 1827 622 1892 εύθέσιν
648 1820 880 1906 άγαθύνονεος,
908 1823 982 1900 τοῦς
1004 1825 1040 1889 δέ
1067 1824 1258 1896 ἐκκλάυντας
1281 1821 1325 1896 εἰς
1338 1831 1375 1893 15

213 1921 299 2000 crde
319 1923 534 2010 Ιστραγγαλίας
561 1919 643 2005 μετὰ
664 1926 725 1988 τιδν
755 1923 972 2006 ἐργαζομένων
999 1921 1058 2005 την
1074 1922 1225 2006 πονηρίαν
1244 1920 1325 1983 άπά-

240 2042 357 2105 μοντος.
409 2023 481 2087 ἐπεί
504 2021 540 2086 δὲ
567 2019 624 2085 καί
646 2025 721 2107 περί
742 2023 801 2086 τοῦ
832 2021 1052 2101 διαδεξομένου
1073 2041 1129 2100 μοι
1146 2016 1202 2102 την
1223 2014 1325 2101 α’ρχην

238 2116 321 2199 μετά
342 2115 400 2204 τὴν
419 2119 499 2204 ἐμήν
519 2120 688 2202 ἐκβιωσιν,
713 2113 783 2204 ἥτις
795 2115 835 2203 δὴ
849 2117 904 2183 καί
925 2121 1094 2203 ἐφέστηκεν
1114 2109 1175 2202 ἤδη
1195 2117 1326 2192 άνυπεξ·

240 2211 391 2296 όλυκτος,
420 2217 518 2284 εἰπεῖν
538 2241 571 2283 τι
606 2219 802 2304 προάγομαι,
822 2214 929 2302 χρεόν
950 2225 1014 2292 τοῖς
1033 2219 1206 2301 εἰρημένοις
1225 2237 1323 2300 προσ-

239 2321 340 2396 σχεῖν.
383 2309 432 2379 δτι
448 2317 508 2397 μὲν
528 2313 589 2400 γάρ
612 2312 655 2392 οῦς
674 2318 819 2404 πατρῷος
840 2320 953 2399 κλῆρος
973 2315 1018 2389 εἰς
1038 2316 1094 2396 ἐμὲ
1114 2310 1150 2378 τό
1173 2308 1373 2395 βασιλεύ-αα

239 2435 289 2478 ειν
317 2413 598 2500 ἐπικαταβέβηκεν,
631 2409 670 2479 ού
702 2416 817 2495 δέομαι
848 2419 963 2498 λέγειν,
994 2411 1037 2490 τός
1057 2413 1131 2478 ούδέ
1150 2434 1199 2486 τις
1219 2409 1323 2496 ἕτερος

239 2513 411 2597 λαμπτῆρα
423 2514 477 2597 τῆς
491 2513 613 2597 ἡμέρας
634 2512 823 2599 ἀποφαίνειν
840 2511 895 2578 τόν
915 2508 1014 2596 ἥλιον.
1035 2510 1117 2597 δρῦν
1141 2511 1178 2575 δέ
1195 2507 1251 2592 την
1271 2510 1321 2573 ἐπ’

239 2611 314 2690 ἐμοί
332 2615 524 2694 τηρηθεῖσαν
544 2610 622 2696 πρός
645 2609 763 2695 πατρὸς
772 2608 860 2690 τάξιν
873 2613 953 2675 κάπί
968 2610 1043 2688 τούς
1063 2614 1097 2688 ἐξ
1117 2609 1239 2695 ύσφυος
1257 2631 1321 2688 μου

239 2706 452 2792 προελθόντας
472 2710 623 2795 διαβῆναι
651 2713 934 2795 προθυμουμένους
960 2709 1063 2790 ύμῦς,
1096 2710 1151 2774 καὶ
1177 2703 1233 2792 ὑφ’
1251 2703 1322 2781 ἐνός

307 2874 333 2928 6.
353 2873 539 2949 ψευδάνυμυς
555 2877 586 2929 Α.
692 2893 732 2932 ιο.
750 2878 812 2930 κατ’
829 2876 901 2933 eim
921 2877 952 2928 λ.

238 3048 364 3102 manibus
382 3050 466 3103 robur
483 3060 513 3105 et
527 3052 692 3106 vireenddnt
708 3061 802 3105 eontra
813 3054 930 3123 populor
947 3053 995 3123 qui
1016 3051 1098 3104 hellin
1116 3050 1236 3115 student,
1256 3053 1319 3122 qui-

238 3137 293 3190 que
313 3130 512 3174 nacrosnnctum
539 3123 584 3175 dei
601 3125 687 3176 nostri
704 3141 805 3176 nornen
828 3141 883 3175 non
902 3125 1036 3175 invocant.
1057 3123 1087 3173 id
1104 3130 1195 3174 antem
1212 3123 1275 3186 fiet,
1294 3123 1317 3174 ei

236 3206 284 3244 vos
304 3209 441 3245 successus
461 3209 477 3244 a
493 3193 587 3245 dextra
604 3195 732 3246 altissimi
747 3203 777 3247 et
794 3195 900 3246 excelso
919 3195 977 3244 eius
995 3192 1106 3244 brachio
1126 3192 1246 3261 pendere
1262 3200 1319 3244 sta-

236 3263 363 3327 tueritis,
389 3271 417 3316 et
443 3262 498 3315 dux
528 3263 605 3316 vobis
625 3264 757 3318 divinitus
782 3266 926 3333 contigerit
951 3281 1007 3316 non
1025 3263 1195 3315 truculentus
1212 3280 1318 3331 suoque

236 3347 292 3383 non
321 3333 487 3402 respondens
512 3335 633 3397 nomini,
663 3344 711 3386 aut
731 3335 862 3404 perplexo
881 3335 1010 3402 ingenio,
1024 3342 1052 3386 et
1069 3334 1170 3384 ventris
1190 3350 1221 3384 uc
1238 3334 1318 3400 gulae

235 3403 418 3469 mancipium,
447 3405 495 3473 qui
530 3423 546 3457 ο
570 3405 673 3475 palatio
700 3421 755 3457 non
773 3407 857 3474 magis
875 3423 957 3474 quum
981 3405 1111 3473 penicillo
1133 3412 1161 3454 et
1179 3403 1317 3456 coloribus

236 3485 378 3540 expressae
404 3473 538 3540 imagines*
559 3477 693 3528 avellitur.
717 3493 779 3526 uam
797 3483 829 3526 ut
855 3476 986 3544 principie
1003 3492 1091 3525 mores
1119 3482 1196 3536 sunt,
1217 3475 1256 3524 ita
1274 3491 1317 3526 ren

236 3539 295 3591 sere
312 3539 549 3609 administrantur,
574 3555 670 3615 utpote
692 3563 707 3596 a
726 3563 781 3614 quo
801 3546 952 3614 pendeant:
975 3546 1021 3615 qpi
1040 3545 1064 3595 εἰ
1081 3545 1192 3612 ignavus
1209 3545 1253 3607 eit,
1272 3562 1317 3595 ru·

236 3618 288 3662 unt
307 3611 337 3661 in
354 3611 483 3676 deterius,
500 3615 542 3666 ein
560 3613 648 3668 bunut
667 3623 750 3668 estet
766 3624 900 3679 strenuus,
919 3617 1059 3684 eriguntur
1076 3623 1105 3666 et
1120 3614 1225 3667 dorent.
1237 3615 1317 3684 quip-

235 3695 271 3748 pe
292 3679 375 3744 deus,
394 3683 499 3733 Βατίδα
518 3693 644 3749 auctore,
666 3686 752 3737 bonon
772 3695 800 3738 et
819 3687 937 3754 integros
954 3685 1087 3755 provehit,
1107 3683 1235 3736 distortor
1253 3702 1316 3737 vero

235 3766 296 3802 cum
315 3751 417 3820 iniquis
434 3751 463 3802 in
481 3751 637 3806 barathrum
655 3758 824 3826 praecipitat.
851 3772 913 3807 cum
932 3766 1022 3808 nutem
1043 3755 1077 3807 de
1095 3771 1249 3806 successore
1266 3757 1317 3806 im-

234 3820 304 3888 perii
320 3829 384 3890 post
402 3821 508 3874 obitum
527 3841 630 3889 meum,
651 3827 699 3895 qui
717 3827 772 3878 iarn
796 3829 881 3878 instat
896 3826 1080 3889 inevitabilis,
1099 3825 1243 3878 dicendum
1263 3827 1317 3889 rit,

233 3905 281 3942 νοτ
299 3891 451 3945 auscultare
470 3909 587 3963 aequum
605 3903 652 3946 ert
671 3897 814 3966 imperium
825 3905 859 3949 ut
874 3898 1068 3966 patrimonium
1085 3895 1121 3946 ud
1139 3912 1182 3947 me
1200 3896 1316 3959 venisse,

126 4023 130 4030 Ι
233 3958 308 4012 dictu
326 3979 382 4014 non
404 3965 487 4032 mugit
522 3966 702 4017 necessarium
734 3977 775 4019 est
794 3985 875 4037 quum
902 3968 1055 4029 lucernam,
1077 3965 1151 4036 quod
1171 3967 1266 4029 aiunt,
1285 3966 1315 4017 in

232 4031 347 4084 meridie
371 4033 527 4086 accendere.
556 4052 616 4087 cum
640 4045 730 4088 utitem
751 4055 799 4091 voe
823 4046 964 4106 paternum
984 4038 1013 4087 in
1032 4053 1075 4088 me
1095 4037 1249 4104 strffrngium
1265 4052 1315 4103 np-

232 4099 361 4168 prnbuese
382 4111 411 4154 et
428 4105 456 4157 in
475 4106 546 4158 iiiios
572 4122 645 4158 meos
666 4107 763 4160 eodem
777 4111 886 4160 affectos
905 4124 963 4158 esse
981 4106 1062 4157 modo
1082 4106 1203 4168 videnm,
1220 4113 1249 4156 et
1265 4105 1314 4157 uni

233 4186 267 4224 er
283 4174 352 4228 meis
371 4173 436 4228 uuis
462 4175 589 4248 (quorum
619 4177 672 4230 duo
691 4178 781 4231 adhuc
798 4179 956 4251 superstites
975 4185 1052 4241 sunt,
1072 4178 1188 4231 isaacius
1207 4183 1234 4228 et
1253 4174 1313 4227 Με-
