3017 4892
288 393 376 500 418
620 411 794 477 urceum
823 409 1059 476 euourlaiu

287 569 379 648 θίζον
403 567 433 630 δ’
454 557 540 646 ὅμως
563 563 619 626 καί
644 563 814 627 ύιανισταῖν
840 562 875 626 ἐν
905 567 975 635 ταῖς
994 558 1131 639 ὁμιλίαις
1153 557 1234 640 πρός
1257 579 1371 622 συνου-

286 662 434 748 σιασμόν.
474 659 555 726 κατὰ
577 664 613 725 δὲ
632 660 671 726 roi
694 660 809 744 α’ρχεῖα
829 655 988 742 γινόμενος
1009 657 1071 720 α’πό
1087 659 1151 722 τῶν
1170 653 1287 735 ἔξωθεν
1301 659 1373 721 ιλια-

190 780 217 832 Ρ.
228 795 278 850 2⁰7
286 767 404 851 τριβοῖν
420 785 456 826 τε
476 763 532 825 καί
552 762 732 844 ύιαχύσεων
753 759 811 821 osis
830 756 934 841 όλίγον
955 760 1014 837 μὲν
1034 755 1090 820 καί
1116 755 1151 820 τό
1174 756 1250 839 περί
1275 754 1374 821 αύτόν

285 863 354 948 εἶχε
377 859 609 947 δορυφορικόν,
631 859 687 923 καί
702 862 793 923 τοῦτο
815 859 850 922 ἐκ
870 854 1042 941 βαρβάρων
1063 857 1139 920 tisis
1157 857 1214 920 καί
1243 857 1373 940 ἀνδρῶν

284 967 404 1044 λοιμῶν
423 958 604 1045 χαιρόντων
622 952 819 1045 οἷπαιύευσίρ
837 958 893 1020 καί
909 954 946 1021 τό
961 961 1091 1020 πλεῖστα
1104 956 1182 1040 μηδ’
1200 952 1407 1024 ἐπαϊόντωνὸ

279 1062 454 1147 Ἑλληνιλλος
474 1062 594 1145 φωνῆς.
635 1055 691 1120 καί
709 1055 781 1132 νοός
803 1061 990 1141 προκοίτους
1019 1058 1055 1118 δὲ
1083 1058 1139 1118 καί
1163 1051 1372 1139 προφύλακας

281 1163 372 1225 ioasi
389 1161 540 1224 τοιούτων
567 1151 735 1239 όναγούγων
767 1157 950 1238 συνειληχεν
979 1151 1175 1240 όμηγύρεων.
1215 1155 1373 1217 τελευτοόν

282 1265 317 1326 δὲ
337 1258 392 1324 καί
410 1254 489 1322 κύνα
512 1253 676 1342 κάρχαρον
683 1307 694 1338 ,
723 1247 789 1320 οἷον
815 1253 871 1318 καί
897 1257 1022 1319 λέουσιν
1041 1255 1286 1318 ιίντιπλὲκεσθαι
1316 1249 1374 1315 κατ’

283 1353 385 1444 ἄνδρα
404 1355 542 1442 ἔφιππον
561 1355 700 1439 ’ὁπλίτην
727 1363 920 1436 κατενεγκεῖν
948 1351 1061 1438 ἔραζε,
1094 1353 1238 1418 σύνοικον
1265 1345 1372 1438 ἑαυτῷ

282 1460 439 1540 πεποίητο·
473 1455 503 1520 oi
522 1451 664 1537 μὲνγὰρ
686 1454 958 1540 σωματοφύλακες
978 1455 1034 1516 καί
1052 1449 1229 1537 δορυφόροι
1249 1443 1375 1514 οἴκοθέν
1390 1479 1429 1520 10

282 1579 346 1622 που
367 1559 425 1621 τού
441 1555 612 1637 βασιλικοῦ
634 1555 783 1626 κοιτοῖνος
810 1549 922 1628 νυκτός
949 1551 1194 1634 κατηυνύζοντο,
1224 1545 1241 1612 ὅ
1270 1551 1305 1612 δι’
1334 1571 1373 1633 γε

282 1649 370 1718 κύων
395 1649 475 1738 πρός
492 1660 563 1726 ταῖς
585 1649 698 1735 θύραις
718 1651 864 1732 ἐδέδετο,
889 1647 1111 1736 χαλκεόφωνος
1137 1643 1181 1715 σόν
1209 1651 1265 1714 καί
1289 1646 1375 1733 πρὸς

281 1758 437 1838 βραχεῖαν
458 1746 740 1831 διαταραττόμενος
765 1745 911 1836 ψύφησιν
934 1751 990 1813 καί
1014 1748 1175 1832 γινόμενος
1204 1742 1373 1827 ὑλακόμω-

251 1873 347 1937 ιςρος.
390 1849 511 1937 προῖοόν
533 1852 569 1914 δὲ
589 1847 674 1913 οὕτω
694 1847 876 1935 κατετρύφα
902 1852 960 1933 τῆς
982 1851 1045 1913 ταῖν
1070 1851 1374 1914 Κωνσταντινουπο-

280 1955 373 2018 λιτῶν
393 1945 543 2037 εύηθείας
560 1947 616 2014 καί
635 1948 679 2024 ὦς
705 1947 767 2013 ἀπὸ
797 1947 886 2033 ῥινός
915 1946 1102 2030 ἑλκομένους
1132 1948 1286 2036 ἐχλεύαζε
1314 1947 1375 2008 καί
1390 1959 1430 2019 15

280 2049 361 2137 πρὸς
379 2054 486 2116 πᾶσαν
506 2052 571 2114 τοῖν
591 2047 788 2133 κρατούντων
808 2051 985 2132 θεραπείαν
1004 2070 1040 2110 τε
1051 2045 1107 2111 καί
1124 2047 1267 2112 θωπείαν
1284 2041 1375 2108 ἑτοί-

280 2173 350 2232 μως
370 2146 500 2232 ἔχοντας
520 2143 700 2237 ε’κωμςόύει,
722 2147 781 2210 oris
799 2144 893 2222 εἰδώς
913 2145 957 2222 ὥς
974 2146 1031 2208 ὑπ’
1049 2147 1157 2212 αύταῖν
1176 2143 1375 2231 καθαιρεθή-

281 2272 371 2315 σεται
393 2251 448 2333 τῆς
470 2249 572 2331 α’ρχῆς
601 2249 657 2312 καί
684 2244 725 2311 τό
751 2251 813 2311 τοῖν
845 2243 928 2311 όλων
961 2244 1175 2331 ύποστὴοεται
1205 2245 1376 2329 χείριστα,

281 2343 365 2410 ὡότε
385 2349 442 2410 καί
461 2350 525 2410 τῶν
546 2349 618 2430 παρ’
651 2348 753 2409 αύτού
782 2348 977 2430 θηρωμένων
1006 2344 1136 2431 ἐλάφων
1165 2346 1206 2410 τό
1235 2349 1376 2426 κέρατα,

280 2440 342 2509 όσα
361 2443 572 2532 δωδεκύδωρα
594 2438 634 2528 ἢν
655 2448 711 2510 καί
730 2440 819 2526 εἶχόν
838 2469 867 2510 τι
889 2447 1073 2528 θαύματος,
1100 2455 1170 2521 ταῖς
1199 2444 1279 2510 κατὰ
1313 2443 1429 2526 τόνου

280 2537 401 2625 ἇγοροὶν
423 2541 538 2624 ιὶψῖσιν
560 2537 694 2627 οἷνὴρτα,
715 2545 759 2631 τῷ
779 2547 839 2626 μὲν
862 2547 964 2608 dorsis
985 2547 1029 2621 εἰς
1048 2543 1179 2622 ἔνδειξιν
1201 2546 1260 2607 τού
1279 2544 1376 2624 psyi-

278 2644 359 2718 θους
379 2644 443 2706 τοῦν
462 2649 536 2728 παρ’
555 2635 659 2705 ositeri
678 2637 892 2724 ἁλισκομένων
914 2643 1049 2730 ἀγρίων,
1078 2647 1121 2733 τῷ
1144 2645 1179 2709 di
1209 2635 1275 2707 όντι
1301 2641 1375 2704 ιλια-

341 2798 374 2860 s.
392 2808 598 2933 ύπουσιασρρύν
616 2810 646 2861 λ.
751 2829 776 2880 γ.
793 2809 882 2884 ἐσαεὶ]
906 2812 934 2875 ἐξ
960 2811 1006 2867 ἀεὶ
1026 2815 1057 2868 Δ.
1144 2807 1286 2881 τελευτῶν]
1314 2781 1394 2876 εἶχε

350 2879 382 2935 dl
401 2886 450 2934 καλ
483 2878 535 2934 orsi
567 2899 600 2935 ον
623 2885 715 2952 μέγαν
737 2886 802 2953 μεθ’
823 2877 939 2948 ἑαυτοῦ,
966 2883 1119 2957 λεγόμενον
1147 2881 1312 2954 χόρχαρον,
1339 2879 1375 2940 ὃς

350 2955 400 3004 καὶ
425 2953 523 3017 λέοντα
550 2949 663 3040 ξμόύιζε
683 2955 732 3004 καὶ
755 2949 849 3024 ἄνδρα
871 2953 1059 3028 καβαλλόριον
1083 2959 1122 3016 εἰς
1143 2955 1195 3024 γῆν
1211 2953 1323 3022 ἔρριπτε
1341 2951 1372 3000 B-

348 3022 496 3095 κάρχρον
515 3042 641 3094 τουνομα
660 3023 812 3074 Wolfiauus
834 3026 926 3076 nescio
948 3026 1019 3096 quis.
1130 3029 1165 3080 ri.
1189 3022 1375 3092 διαταραττό-

349 3044 631 3222 μενοόὶέγρςγορών
648 3101 697 3147 καὶ
713 3093 840 3163 βαρύζων
859 3095 890 3150 Β.
971 3116 1014 3152 ao.
1036 3093 1102 3171 ὅσα]
1123 3094 1216 3152 ὁπόσα
1233 3097 1273 3154 εἰς
1297 3089 1374 3164 lidos

351 3182 420 3237 ηρτο
460 3203 469 3219 .
558 3181 601 3218 aa.
619 3165 864 3238 καταμωκώμενοι
882 3168 913 3220 Δ.

283 3327 361 3385 cant3
380 3337 397 3370 n
424 3335 480 3388 quo
499 3317 561 3370 cibo
589 3319 794 3389 complerique
821 3319 1001 3382 abhorreant,
1027 3328 1118 3371 tamen
1140 3317 1301 3386 tentiginem
1324 3331 1376 3370 ex-

284 3390 352 3442 citat
371 3399 399 3442 et
418 3389 454 3441 ad
473 3406 531 3440 rem
547 3388 698 3441 veneream
718 3399 828 3459 paratos
850 3391 923 3442 lacit.
936 3392 965 3441 in
986 3390 1119 3460 palatium
1137 3406 1152 3440 a
1171 3387 1375 3440 deambulatio-

284 3459 336 3526 bus
361 3469 390 3511 et
419 3459 634 3512 recreationibus
664 3477 785 3512 reversus
816 3479 872 3512 non
898 3477 999 3530 paucos
1019 3477 1110 3512 secum
1134 3459 1257 3511 babebat
1289 3458 1376 3509 satel-

283 3529 364 3591 lites,
382 3545 484 3598 eosque
513 3548 547 3582 ex
573 3530 723 3583 barbaricis
750 3531 909 3584 cohortibus
941 3539 969 3582 et
987 3531 1179 3600 pestilentibus
1197 3527 1377 3593 bominibus,

285 3597 387 3667 quibus
406 3599 578 3652 immodestia
595 3601 671 3653 cordi
690 3611 740 3664 est,
762 3601 872 3670 linguae
884 3601 1004 3654 Graecae
1023 3602 1139 3654 murima
1158 3609 1278 3670 exparte
1298 3601 1378 3668 igna-

286 3669 339 3732 ris3
358 3676 387 3719 et
404 3670 452 3737 qui
470 3679 534 3722 ante
549 3671 706 3723 cubiculum
725 3672 842 3724 errores
861 3671 1047 3736 excubabant,
1066 3690 1099 3724 ex
1120 3670 1275 3726 istiusmodi
1292 3677 1378 3740 petu-

286 3736 408 3790 lantibus
428 3741 553 3792 eoetibus
582 3743 693 3795 conflati
713 3751 798 3794 erant.
815 3741 928 3795 tandem
950 3745 1032 3796 etiam
1053 3761 1147 3795 canem
1164 3759 1306 3812 asperum,
1324 3741 1377 3808 qui

287 3817 317 3861 et
334 3825 395 3859 cum
403 3809 530 3861 leonibus
548 3829 668 3881 pugnare
688 3823 716 3865 et
728 3821 861 3864 armatum
880 3815 1001 3886 equitem
1020 3813 1095 3865 humi
1117 3824 1238 3866 sternere
1256 3819 1377 3882 poterat,

286 3880 317 3930 in
326 3895 377 3942 suo
397 3881 519 3931 conclavi
544 3881 649 3935 habuit
674 3901 735 3935 nam
763 3885 895 3936 satellites
923 3893 952 3936 et
977 3884 1103 3936 custodes
1121 3893 1205 3936 noctu
1225 3881 1319 3953 procul
1339 3879 1377 3932 sb

286 3951 346 4001 eius
364 3948 491 4000 cubiculo
512 3951 662 4004 cubabant:
683 3955 757 4005 canis
780 3971 843 4006 vero
863 3954 899 4006 ad
918 3956 1027 4007 ianuam
1048 3955 1175 4024 alligatus
1193 3953 1229 4006 ad
1247 3953 1376 4021 exiguum

285 4019 431 4088 strepitum
450 4020 614 4073 horrendum
633 4025 662 4076 ln
680 4024 791 4077 modum
812 4023 938 4078 latrabat.
958 4027 996 4078 ita
1013 4027 1147 4095 paulatim
1167 4024 1377 4095 Cpolitauorum

282 4090 456 4158 simplicitati
484 4091 651 4158 insultabat,
675 4105 703 4147 et
729 4097 807 4165 quasi
832 4097 943 4148 naribus
973 4113 1118 4166 suspensos
1138 4096 1279 4157 trahebat,
1299 4099 1327 4143 et
1345 4099 1378 4144 ut

284 4159 321 4211 nd
337 4175 445 4213 omnem
471 4162 664 4230 imperatorum
691 4165 891 4219 observantiam
908 4175 934 4218 et
963 4169 1189 4237 cultunrparatos
1206 4165 1327 4234 (ignom
1346 4178 1377 4214 ιο

285 4231 394 4283 abillis
418 4233 533 4303 imperio
557 4233 694 4287 deiectum
715 4237 883 4304 gravissimas
904 4253 1006 4307 poenas
1028 4237 1154 4289 daturum
1174 4253 1244 4299 esse)
1264 4231 1378 4286 deride·

284 4303 341 4356 bat.
359 4303 454 4375 itaque
480 4321 582 4358 cornua
600 4323 756 4371 cervorum,
785 4323 853 4378 quos
875 4317 991 4362 uenatus
1017 4317 1092 4374 erat,
1119 4307 1238 4378 insignia
1263 4313 1292 4358 st
1319 4303 1376 4356 rari
