3017 4892
172 234 177 248 ’
289 288 359 350 nr
674 285 785 352 uma.
814 282 971 350 wonrn

283 441 451 523 patramus.
474 449 507 504 a
538 438 627 503 nette
654 459 856 514 caveremus,
886 438 945 501 nm
975 423 1370 522 herimannitarum

284 543 481 624 impressione
501 541 610 602 animis
632 549 724 623 atque
752 539 880 602 nuribus
908 561 928 601 a
957 539 1038 601 senis
1067 541 1202 602 eonsiliis
1233 540 1374 626 plerique

284 641 506 704 abhorrerent.
528 641 691 702 imminuto
711 639 836 723 quidem
855 649 919 714 ert,
942 650 974 700 et
998 637 1093 700 veluti
1113 637 1192 701 loeta
1209 643 1375 725 segestri.

285 743 324 803 sti
347 739 424 804 lolio
448 751 613 823 oorrupta,
634 751 721 802 vetus
742 750 868 802 nostrae
887 739 986 822 gentis
1004 737 1183 822 integritas3
1207 741 1292 825 qnod
1321 762 1375 804 on-

284 853 424 905 terarnm
444 841 607 904 nationum
627 839 763 925 quodam
781 841 870 923 quasi
887 841 1030 923 contagio
1059 839 1203 903 accidisse
1225 841 1376 919 ridetur,

284 963 415 1027 qnorum
433 940 514 1004 mala
539 961 610 1004 eum
635 941 747 1002 nostris
779 939 1014 1020 coniunximns‚
1044 960 1117 1002 oum
1148 943 1378 1024 peregrinatio-

283 1059 359 1108 num
389 1045 415 1105 is
448 1043 518 1105 linis
551 1063 616 1106 esse
640 1041 768 1120 dehent,
799 1048 838 1102 nt
856 1041 969 1103 innatis
1000 1051 1032 1102 et
1061 1040 1284 1104 consuetudine
1306 1042 1378 1103 ino-

282 1142 344 1204 litis
374 1143 457 1205 vitiis
486 1142 612 1205 abieotis
642 1139 776 1204 aliorum
802 1143 934 1204 virtutes
965 1142 1171 1221 eximamus,
1205 1160 1378 1224 eorumque

281 1241 446 1323 prudentia
474 1253 505 1305 et
533 1241 724 1304 humanitate
740 1299 743 1306 Δ
762 1239 803 1303 ad
833 1261 926 1304 omne
954 1259 1051 1324 genus
1081 1239 1174 1303 officii
1204 1249 1238 1304 et
1274 1239 1378 1302 laudis

281 1341 464 1405 erudiemur.
500 1341 554 1404 sed
597 1343 623 1404 si
656 1350 781 1404 eaetera
824 1353 1015 1424 spectemus,
1053 1361 1213 1424 nunquam
1242 1343 1378 1405 Germa·

280 1445 333 1504 nio
367 1441 441 1504 viris
471 1442 563 1504 armis
594 1441 705 1526 oprhus
735 1440 870 1504 consiliis
897 1441 957 1504 suit
989 1441 1188 1520 instruction
1218 1462 1295 1528 quas
1326 1460 1377 1502 res

280 1552 411 1624 propter
441 1541 622 1606 discordiam
650 1563 715 1606 non
750 1543 785 1604 in
821 1540 958 1605 hostiurn
991 1542 1212 1604 detrimentem
1249 1541 1305 1604 sed
1341 1541 1376 1602 in

280 1643 400 1725 patriae
430 1643 557 1706 exitium
588 1637 768 1707 detestandd
792 1641 998 1720 erudelitate,
1029 1662 1069 1704 ne
1101 1641 1202 1704 dioam
1228 1641 1376 1717 insania,

280 1744 498 1808 convertimus.
542 1764 621 1827 qnae
656 1743 799 1827 cogitatio
835 1763 907 1804 oum
939 1745 973 1805 in
1010 1741 1102 1806 huius
1141 1741 1288 1804 historiae
1324 1740 1378 1802 in-

279 1844 503 1926 terpretatione
521 1842 653 1906 subinde
673 1861 776 1906 meum
795 1844 935 1906 ssimum
954 1842 1083 1919 feriret,
1112 1851 1144 1904 et
1165 1839 1250 1904 haud
1277 1838 1378 1902 dnhie

280 1941 473 2006 eordatiores
495 1963 621 2027 quoqne
638 1943 770 2006 lectores
791 1941 1012 2005 extimulatura
1028 1944 1091 2020 sit,
1113 1961 1180 2004 nou
1199 1949 1378 2024 temperare

280 2042 357 2104 mihi
378 2043 465 2126 potui
486 2044 563 2126 quin
583 2041 668 2106 huno
693 2041 819 2124 loonn,
849 2063 941 2126 quem
971 2043 1110 2106 omnium
1142 2041 1253 2104 animis
1283 2054 1379 2125 atque

283 2142 379 2204 oeulis
398 2161 519 2222 semper
534 2141 693 2204 obversari
713 2143 907 2204 utilissimum
925 2143 1040 2215 suerit,
1061 2141 1165 2203 obiter
1183 2143 1381 2223 attingerem·

279 2261 364 2302 nuno
394 2239 434 2302 de
460 2237 520 2301 hoo
551 2259 647 2322 opere
677 2238 844 2302 dicendum
871 2249 937 2318 eet3
965 2238 1051 2320 quod
1082 2237 1138 2300 etsi
1160 2235 1278 2300 labore
1309 2261 1378 2302 non

282 2339 381 2404 multo
401 2340 551 2419 minore,
570 2338 662 2423 longe
681 2349 786 2401 tamen
805 2338 915 2402 maiori
933 2358 1005 2400 corn
1024 2337 1183 2421 veluptate
1208 2343 1378 2420 converti,

279 2450 409 2527 propter
431 2439 577 2503 historias
595 2439 671 2502 mihi
692 2438 824 2502 antehae
844 2438 911 2502 lere
933 2437 1102 2521 incognitas
1129 2449 1161 2500 et
1188 2436 1312 2522 planius
1339 2461 1378 2504 ao

282 2541 380 2605 insius
400 2541 551 2615 orationis
564 2560 669 2624 genus.
692 2539 725 2600 in
747 2559 811 2623 qno
831 2549 934 2602 temen
953 2538 1149 2602 immodicam
1164 2541 1377 2605 nesciocuius

280 2641 440 2707 insolentis
454 2639 625 2724 elegantiae
638 2641 865 2703 affeetationem
880 2661 944 2702 non
959 2660 1078 2724 semper
1091 2641 1280 2724 sequendam
1294 2643 1375 2705 mihi

279 2741 373 2820 duxi,
396 2740 481 2826 quod
502 2741 651 2828 quiequid
674 2740 740 2804 eius
769 2742 890 2826 generis
921 2752 988 2820 est,
1020 2762 1083 2804 non
1113 2743 1209 2825 ipsius
1238 2746 1376 2807 auctoris

279 2841 429 2924 seriptum
448 2841 504 2905 sed
524 2841 746 2926 paraphrastes
757 2851 791 2905 et
810 2840 923 2904 aemuli
934 2839 1066 2905 alienius
1085 2855 1292 2908 assumentum
1307 2866 1376 2910 esse

238 3019 242 3022 ,
278 2940 416 3004 videtur.
434 2939 552 3006 eontnli
574 2942 659 3006 enim
677 2942 866 3027 hioquoqoe
886 2941 962 3006 dnos
983 2943 1107 3007 oodiees
1126 2963 1199 3006 eum
1217 2965 1256 3007 eo
1277 2965 1374 3028 quern

279 3040 455 3126 amplitudo
475 3051 531 3105 tua
551 3042 642 3127 Cpoli
668 3042 709 3105 ab
729 3042 906 3108 Alexandro
937 3042 1185 3129 Chartophylaee
1210 3065 1375 3128 eompara-

278 3143 344 3219 vit3
366 3153 458 3228 atque
479 3165 606 3229 operam
628 3141 719 3220 dedi,
740 3154 778 3206 ut
798 3165 835 3206 ex
856 3166 892 3207 ea
910 3145 1073 3212 collatione
1093 3167 1172 3230 opus
1196 3143 1256 3207 hoe
1277 3167 1374 3229 quam

279 3243 512 3327 integerrimum
531 3244 684 3324 ederetur,
706 3245 863 3308 etGraeoa
883 3244 990 3308 itidem
1010 3257 1046 3308 nt
1065 3247 1098 3311 in
1118 3247 1240 3309 Zonara
1263 3257 1373 3310 nostro

278 3343 457 3406 factumest
477 3366 548 3408 enm
563 3347 681 3408 Latinis
701 3345 976 3430 coniungerentur.
998 3347 1141 3430 quemvis
1162 3346 1246 3407 enirn
1259 3345 1374 3410 Graeci

278 3441 429 3506 sermonis
446 3445 564 3525 puritas
584 3457 616 3508 ot
630 3447 800 3531 proprietas
817 3468 890 3510 oum
910 3456 1087 3510 exteramm
1101 3446 1263 3510 nationum
1283 3467 1373 3509 eom-

278 3541 402 3604 meroiis
431 3551 499 3604 tum
526 3545 696 3608 otiosorum
724 3546 885 3609 hominum
913 3547 1038 3632 ineptiis
1055 3557 1206 3631 oorruptn
1225 3557 1290 3628 est,
1312 3567 1371 3610 nee

278 3641 348 3704 lieri
369 3643 475 3724 nequit
504 3645 537 3703 in
559 3642 621 3706 hoe
646 3649 830 3730 scriptorum
850 3668 962 3732 genere
981 3659 1019 3710 nt
1038 3647 1216 3730 interpretis
1236 3668 1299 3708 non
1320 3646 1370 3708 in-

278 3740 360 3804 dooti
382 3763 441 3804 nee
462 3741 599 3808 indiserti
617 3749 719 3809 oratio
739 3748 798 3831 ipsi
816 3749 938 3813 auctori
958 3748 1166 3832 praeferetur,
1185 3756 1289 3809 umen
1310 3765 1372 3809 neo

278 3861 349 3904 eum
369 3861 429 3926 eqo
453 3863 503 3906 me
535 3843 736 3930 interpretem
762 3847 901 3932 profiteri
918 3852 1034 3927 ausim,
1063 3858 1094 3912 et
1113 3848 1231 3911 Graeca
1250 3845 1368 3928 lingna,

277 3941 499 4027 qualiscunque
518 3943 636 4030 adhue,
667 3948 773 4011 neseio
796 3970 890 4034 ιῐιιειιι
910 3949 1034 4033 genium
1053 3947 1166 4011 retinet
1184 3970 1221 4011 ae
1241 3945 1369 4009 uberte·

277 4051 339 4104 tem
362 4043 481 4106 Latinis
512 4045 734 4112 inimitabilem.
759 4051 934 4113 testimonio
963 4058 1036 4111 sunt
1055 4068 1164 4112 ornnes
1191 4049 1259 4110 lere
1276 4043 1370 4120 disei-

276 4143 389 4227 plinae,
410 4146 612 4229 quorumvis
633 4149 698 4214 ulla
718 4160 766 4214 est
787 4151 864 4236 quin
884 4159 916 4213 et
935 4145 1079 4214 archois
1102 4151 1223 4214 Graeca
1241 4168 1273 4211 se
1292 4167 1367 4232 pro·
