3017 4892
278 203 363 291 832
610 227 785 296 urentes:
812 227 1046 294 cuoussrsn

277 377 330 455 νός
362 380 397 456 ἐς
421 383 535 462 χεΐρας
568 375 667 456 ι’όντος
702 377 756 442 διὰ
787 378 820 442 τό
854 381 911 462 τῆς
930 378 1049 460 τόλμης
1068 375 1272 461 παράβολον,
1299 381 1390 446 καθ

274 478 401 563 ἡλικίαν
428 474 530 553 αότός
550 470 802 560 ἦχμοιλιότευσαν
829 473 1051 560 universim
1072 472 1289 559 κατήρειψαν.
1344 482 1390 544 ου’

276 573 360 658 μόνα
380 577 416 639 δὲ
440 573 481 639 τό
512 573 591 660 πρός
622 575 790 640 θάλασσαν
814 571 912 652 οὕτως
935 571 1085 660 ἔπραττον
1105 584 1176 652 ταῖς
1196 580 1264 642 τῶν
1289 582 1390 642 Σκυ-

276 679 345 740 θιόν
364 675 541 760 εόχειρίαις
561 677 617 738 καί
633 675 826 758 χενναιότησι
848 673 904 738 καί
926 673 990 738 ταῖν
1010 667 1170 753 ἑπομένων
1194 677 1324 760 σφίσιν
1351 679 1391 740 ἐκ

277 779 337 840 τοῦ
349 777 515 856 Βλαχικοῦ
534 762 738 857 συστήματος,
759 770 790 836 οἱ
807 776 862 838 καί
879 775 1001 854 μᾶλλον
1020 780 1085 848 τοῖς
1099 771 1290 856 περιβόλοις
1317 779 1417 844 scisse

280 869 400 938 πόλεων
421 871 645 954 ἐπεβούλευον,
667 870 830 948 σκαπόνας
848 875 904 936 καί
925 869 1011 935 πτόα
1030 870 1266 956 χειριζόμενοι,
1290 873 1388 938 α’λλιὶ
1472 937 1473 944 ,

249 969 335 1039 exui
343 969 382 1036 τό
404 976 457 1056 τῆς
476 963 580 1054 όλμης
598 969 798 1056 α’φιστόμενα
818 966 921 1035 πάντα
939 977 1006 1045 τοῖς
1032 971 1139 1045 ου’τοῑς
1167 973 1225 1034 καί
1244 976 1391 1056 χειροσι
1472 953 1473 1000 l

278 1079 384 1146 κακοῖς
394 1066 636 1152 προσεπάλαιον,
652 1072 812 1154 μηδεμιᾶς
828 1071 953 1144 ἐλπίδος
969 1071 1015 1146 είς
1033 1069 1391 1154 σωτηριάνόποκειμέ-

278 1193 344 1256 νης,
354 1171 425 1235 ἐπεὶ
437 1170 495 1233 καί
508 1165 618 1252 αήθοος
629 1172 664 1235 ἐκ
686 1173 831 1246 δουλείας
846 1167 1030 1254 ἐλευθερίας
1050 1165 1289 1254 ηόμσιρηκότες,
1316 1177 1391 1238 τῶν

278 1268 507 1352 persistentis}
534 1270 695 1355 ἐφιέμενοι
716 1270 829 1334 οόόένα
858 1270 917 1350 μέν
940 1270 999 1332 τοῦ
1019 1265 1254 1352 όνσπραχησειν
1275 1263 1433 1346 cilcitore

278 1366 371 1452 λόγον
391 1369 535 1450 τιθέασι,
558 1375 630 1444 ταῖς
650 1369 686 1432 δὲ
707 1366 969 1452 παρατυχοόσιιις
995 1366 1108 1448 τύχαις
1128 1365 1184 1430 καί
1203 1369 1315 1444 νίκαις
1339 1366 1389 1444 σός

280 1465 336 1531 ἐπὶ
350 1472 492 1547 πλεῖστον
519 1467 759 1549 ἐπεξερχόμενοι
790 1466 853 1531 τοῖν
869 1469 929 1547 μὲν
948 1461 1057 1549 πριόην
1077 1468 1182 1530 τέλεον
1201 1467 1387 1550 ἐπιλήθου-

279 1589 353 1646 ται,
374 1573 440 1642 τοῖς
461 1569 493 1630 δ’
513 1563 660 1631 ένεστῶσι
679 1565 841 1650 γηθοιπαέ
850 1588 884 1629 τε
904 1567 961 1629 καί
977 1565 1189 1648 ἐνυβρίζουσι.
1215 1565 1274 1630 διὰ
1296 1571 1386 1632 ταῦ-

281 1689 322 1730 τα
341 1668 446 1731 τοίνυν
465 1660 537 1749 ἥτε
556 1665 700 1747 λαχοῦσα
728 1663 876 1748 πολιστην
893 1662 948 1729 τόν
968 1663 1135 1749 Ἀρκόόιον
1158 1667 1213 1729 καὶ
1233 1663 1384 1751 Μεσήνη

281 1765 338 1832 ἐπί
361 1767 439 1853 τῇδε
462 1763 518 1829 καί
534 1762 615 1847 πρός
648 1763 731 1850 crispi
758 1761 957 1846 Τζουρουλός
977 1760 1018 1828 τό
1038 1765 1100 1828 τοῖν
1120 1765 1234 1829 δεινιόν
1257 1765 1384 1830 πεσόν·
1398 1773 1429 1836 15

282 1868 382 1931 θασιν
404 1860 544 1947 ἔσχατα,
565 1859 623 1926 καί
651 1859 747 1946 ἀγροὶ
775 1865 833 1925 καί
851 1865 955 1944 κῶμαι
981 1865 1038 1926 καί
1055 1854 1154 1928 τᾶλλα
1175 1860 1285 1928 όπόσα
1305 1875 1385 1940 ταῖς

283 1966 397 2030 πόλεσι
417 1963 550 2042 ταόταις
579 1962 762 2028 όιιέκυπτον
782 1957 953 2046 πρότερον,
983 1960 1039 2025 καί
1058 1956 1120 2028 όσα
1140 1963 1173 2036 ἐς
1191 1952 1298 2044 πότην
1320 1963 1384 2047 τὴν

250 2062 407 2129 nuditas
425 2067 538 2129 ποσῶν
558 2057 817 2148 προεδρείουσσν
845 2062 1089 2142 παρατείνουσι,
1108 2069 1177 2136 ταῖς
1197 2063 1383 2139 Σκυθικοῖς

282 2164 379 2246 χερσί
398 2162 642 2243 καθυπέκυψαν.
684 2160 738 2224 ἐπί
757 2161 836 2224 πᾶσι
857 2162 912 2222 καί
933 2156 963 2222 οἱ
984 2155 1020 2222 τό
1043 2158 1182 2240 πόλισμα
1203 2157 1258 2226 τόν
1278 2162 1381 2228 Ἀθό-

282 2285 344 2344 ρον
372 2261 528 2336 οἰκοῦντες
554 2257 702 2345 ὀλέθροις
730 2257 912 2342 ἀνηκέστοις
940 2253 1187 2344 περιεπόρησαν.
1240 2259 1286 2325 rei
1318 2265 1422 2342 μὲνσσ
1472 2309 1473 2344 3

280 2355 345 2444 ηόρ
369 2361 479 2442 πρῶτα
499 2357 554 2424 ἐπὶ
571 2357 718 2444 χρήμασι
738 2365 804 2434 τοῖς
825 2356 966 2432 Σκύθαις
986 2359 1184 2442 συνέβησαν,
1217 2361 1276 2422 καί
1294 2352 1380 2444 η’σον
1472 2347 1473 2412 l

282 2457 317 2524 οἳ
334 2459 370 2522 ἐκ
389 2461 524 2522 Σκυθῶν
542 2456 715 2544 ἀφιγμένοι
734 2455 775 2520 τό
797 2459 831 2519 ἐκ
851 2460 977 2540 χρυσοῦ
994 2457 1196 2541 εἰσέπραττον
1215 2456 1380 2541 κόμματα·

281 2553 361 2640 πρός
381 2558 410 2620 δ’
431 2552 569 2638 ἑσπέραν
586 2554 679 2620 ἐνίων
698 2553 819 2620 ἐκεῖθεν
840 2552 1085 2640 σ’παντησόντων
1106 2559 1205 2622 ἐκεῖσε
1225 2563 1285 2622 τοῦ
1304 2566 1379 2624 Λα-

281 2659 400 2722 τινικοῦ
420 2652 638 2739 συντάγματος
661 2649 681 2717 ό
700 2657 798 2740 συνῆν
819 2658 853 2720 ἐν
867 2654 1040 2745 Ῥαιόεστηό
1060 2657 1106 2743 τῷ
1125 2658 1258 2743 Βρσνᾷ,
1279 2681 1377 2742 usge-
1472 2729 1473 2740 ρ

281 2758 437 2845 ρισμίνας
468 2756 581 2841 σφίσιν
608 2747 677 2820 ἀλλ’
706 2755 747 2819 ον’
778 2753 958 2840 προσόντος
986 2751 1070 2823 ote
1088 2755 1213 2845 Ἀθόρρ
1230 2761 1416 2846 apennini
1472 2799 1473 2802 ¹

286 3123 403 3174 struunt.
420 3133 471 3170 nec
496 3134 543 3169 ors
561 3118 697 3170 maritima
726 3111 860 3170 duntaxat
884 3113 918 3168 ab
937 3115 1150 3186 expeditissimis
1171 3125 1199 3170 et
1217 3119 1375 3176 fortissimis

286 3189 395 3256 Scythis
413 3198 442 3240 et
457 3189 584 3240 Blachics
601 3189 732 3252 cohorte,
765 3205 835 3258 quse
853 3188 916 3239 illos
936 3189 1118 3241 comitabatur
1133 3188 1278 3241 moenibus
1296 3192 1375 3243 urbi·

286 3279 334 3313 um
348 3277 410 3312 cum
425 3258 548 3312 vectibus
574 3268 603 3311 et
621 3258 760 3329 ligonibus
779 3259 895 3322 infesta,
913 3259 954 3310 sic
971 3267 1086 3311 tractata
1103 3268 1158 3311 cst:
1179 3259 1228 3312 sed
1243 3260 1375 3313 mediter-

287 3347 373 3384 raneo
398 3347 508 3400 quoque
528 3331 607 3383 melis
627 3329 726 3382 iisdem
746 3337 776 3381 et
792 3329 959 3398 gravioribus
977 3338 1041 3383 suat
1058 3346 1203 3400 oppressa,
1228 3331 1306 3382 nulla
1325 3349 1375 3402 spe

287 3403 386 3454 salutis
403 3402 558 3470 affulgente.
579 3419 642 3453 nasu
660 3401 709 3471 qui
725 3417 759 3451 ex
776 3403 907 3453 servitute
926 3401 1062 3454 insuetam
1080 3400 1235 3454 libertatem
1255 3404 1375 3472 propitia

200 3515 208 3527 ,
288 3471 399 3526 senuna
428 3473 567 3524 consecuti
594 3481 672 3535 sunt,
698 3471 815 3522 maxima
839 3479 973 3540 perpetuo
991 3476 1169 3536 affectantes,
1189 3489 1280 3542 neque
1298 3491 1326 3524 se
1343 3477 1374 3528 iu

288 3551 429 3612 posterum
449 3543 597 3595 calamitati
617 3542 667 3593 ulli
683 3542 742 3594 lore
769 3540 901 3593 obnoxios
919 3543 1078 3612 opinantes,
1100 3541 1268 3596 successibus
1287 3553 1315 3596 et
1329 3547 1373 3594 si.

289 3613 384 3663 ctoriis
402 3616 486 3665 effuse
509 3613 670 3682 indulgent,
700 3612 810 3680 pristini
836 3621 922 3665 status
944 3613 1043 3678 obliti,
1070 3615 1208 3682 praesenti
1225 3630 1290 3666 uero
1307 3615 1371 3666 laeti

289 3690 319 3734 et
346 3683 503 3736 insolentes.
521 3685 638 3755 proinde
665 3681 853 3752 dreadiopolis
882 3683 995 3735 Mesena
1021 3693 1050 3737 et
1067 3685 1200 3748 Zurulus,
1227 3702 1288 3736 cnm
1305 3687 1372 3752 egris

287 3751 361 3806 villis
382 3759 411 3803 et
426 3755 501 3805 omni
519 3770 553 3807 eo
570 3753 645 3822 quod
665 3754 699 3805 iis
716 3753 831 3805 usisibus
848 3753 914 3806 olim
931 3754 1032 3824 paruit,
1052 3763 1184 3808 extremas
1203 3754 1293 3808 clades
1309 3765 1372 3809 sunt

287 3838 449 3894 perpessoe3
476 3832 505 3875 et
534 3842 607 3894 quae
636 3825 671 3876 sd
688 3823 784 3875 urbem
806 3825 930 3876 omnium
945 3825 1098 3894 principem
1116 3843 1203 3896 usque
1219 3827 1369 3897 pertinent,

289 3893 382 3946 omnia
400 3901 464 3943 sunt
492 3911 508 3944 a
525 3895 632 3962 Scythis
659 3911 796 3965 oppressa.
821 3903 884 3964 post
901 3896 992 3946 omnia
1005 3896 1137 3966 oppidum
1155 3897 1257 3965 Μένητα
1276 3897 1309 3948 ad
1327 3897 1371 3946 iu-

289 3963 474 4018 ternecionem
499 3973 541 4016 est
558 3965 688 4017 deletum.
715 3983 779 4018 uam
803 3967 873 4017 cives
892 3966 1027 4035 principio
1054 3983 1114 4018 eum
1134 3967 1242 4035 Scythis
1259 3969 1368 4036 pecnnia

290 4041 492 4104 transegerant,
520 4041 549 4085 et
580 4035 696 4088 aderant
720 4037 768 4106 qui
795 4053 890 4087 aureos
913 4053 1037 4088 nummos
1068 4039 1247 4107 postularent
1273 4037 1368 4088 deinde

292 4106 424 4176 quosdam
441 4118 476 4159 ex
491 4103 651 4160 Latinorum
678 4106 807 4174 cohorte,
830 4106 878 4178 qui
897 4105 1046 4164 lihsedesti
1071 4126 1131 4162 curn
1149 4111 1234 4163 lirano
1253 4109 1369 4172 lnersut,

353 2939 398 2994 οδ.
415 2933 531 2996 ἐκεῖθεν
546 2935 764 3010 expungendam.

1472 3717 1473 3764 l

1472 3917 1473 3958 ι
