<?xml version="1.0" encoding="UTF-8"?>
<!DOCTYPE html PUBLIC "-//W3C//DTD XHTML 1.0 Transitional//EN"
    "http://www.w3.org/TR/xhtml1/DTD/xhtml1-transitional.dtd">
<html xmlns="http://www.w3.org/1999/xhtml" xml:lang="en" lang="en">
 <head>
  <title>
</title>
<meta http-equiv="Content-Type" content="text/html;charset=utf-8" />
  <meta name='ocr-system' content='tesseract 3.04.00' />
  <meta name='ocr-capabilities' content='ocr_page ocr_carea ocr_par ocr_line ocrx_word'/>
</head>
<body>
  <div class='ocr_page' id='page_1' title='image "./corpusscriptoru03unkngoog_0022.png"; bbox 0 0 3017 4892; ppageno 0'>
   <div class='ocr_carea' id='block_1_1' title="bbox 741 302 918 370">
    <p class='ocr_par' dir='ltr' id='par_1_1' title="bbox 741 302 918 370">
     <span class='ocr_line' id='line_1_1' title="bbox 741 302 918 370; baseline 0.006 -4"><span class='ocrx_word' id='word_1_1' title='bbox 741 302 918 370; x_wconf 66' lang='lat' dir='ltr'><strong><em>rinnon</em></strong></span> 
     </span>
    </p>
   </div>
   <div class='ocr_carea' id='block_1_2' title="bbox 256 454 1403 2819">
    <p class='ocr_par' dir='ltr' id='par_1_2' title="bbox 294 454 1372 666">
     <span class='ocr_line' id='line_1_2' title="bbox 294 454 1372 533; baseline -0.009 -19"><span class='ocrx_word' id='word_1_2' title='bbox 294 473 401 533; x_wconf 73' lang='lat' dir='ltr'><strong><em>gnatus.</em></strong></span> <span class='ocrx_word' id='word_1_3' title='bbox 438 457 578 510; x_wconf 82' lang='lat' dir='ltr'><strong><em>Manuelit</em></strong></span> <span class='ocrx_word' id='word_1_4' title='bbox 592 472 675 526; x_wconf 80' lang='lat' dir='ltr'><strong><em>gener</em></strong></span> <span class='ocrx_word' id='word_1_5' title='bbox 697 455 859 508; x_wconf 75' lang='lat' dir='ltr'><strong><em>Pannoniae</em></strong></span> <span class='ocrx_word' id='word_1_6' title='bbox 880 471 992 525; x_wconf 72' lang='lat' dir='ltr'><strong><em>regnunt</em></strong></span> <span class='ocrx_word' id='word_1_7' title='bbox 1009 465 1143 526; x_wconf 83' lang='lat' dir='ltr'><strong><em>occupat,</em></strong></span> <span class='ocrx_word' id='word_1_8' title='bbox 1161 467 1187 506; x_wconf 87' lang='lat' dir='ltr'><strong><em>et</em></strong></span> <span class='ocrx_word' id='word_1_9' title='bbox 1206 454 1372 508; x_wconf 69' lang='lat' dir='ltr'><strong><em>mantionis</em></strong></span> 
     </span>
     <span class='ocr_line' id='line_1_3' title="bbox 295 525 1372 598; baseline -0.005 -16"><span class='ocrx_word' id='word_1_10' title='bbox 295 529 501 598; x_wconf 78' lang='lat' dir='ltr'><strong><em>Montissctunti</em></strong></span> <span class='ocrx_word' id='word_1_11' title='bbox 523 527 591 597; x_wconf 80' lang='lat' dir='ltr'><strong><em>filio</em></strong></span> <span class='ocrx_word' id='word_1_12' title='bbox 615 528 736 579; x_wconf 78' lang='lat' dir='ltr'><strong><em>diarium</em></strong></span> <span class='ocrx_word' id='word_1_13' title='bbox 754 526 845 596; x_wconf 75' lang='lat' dir='ltr'><strong><em>filiam</em></strong></span> <span class='ocrx_word' id='word_1_14' title='bbox 875 525 925 578; x_wconf 92' lang='lat' dir='ltr'><strong><em>dat</em></strong></span> <span class='ocrx_word' id='word_1_15' title='bbox 944 541 1054 577; x_wconf 76' lang='lat' dir='ltr'><strong><em>uxonm</em></strong></span> <span class='ocrx_word' id='word_1_16' title='bbox 1070 526 1121 590; x_wconf 83' lang='grc'><strong>(8).</strong></span> <span class='ocrx_word' id='word_1_17' title='bbox 1157 525 1298 578; x_wconf 78' lang='lat' dir='ltr'><strong><em>Manuelis</em></strong></span> <span class='ocrx_word' id='word_1_18' title='bbox 1313 541 1372 577; x_wconf 86' lang='lat' dir='ltr'><strong><em>cuns</em></strong></span> 
     </span>
     <span class='ocr_line' id='line_1_4' title="bbox 296 596 1069 666; baseline -0.013 -14"><span class='ocrx_word' id='word_1_19' title='bbox 296 605 404 654; x_wconf 82' lang='lat' dir='ltr'><strong><em>Vestetis</em></strong></span> <span class='ocrx_word' id='word_1_20' title='bbox 423 602 639 656; x_wconf 82' lang='lat' dir='ltr'><strong><em>coturnum-siae,</em></strong></span> <span class='ocrx_word' id='word_1_21' title='bbox 659 596 757 646; x_wconf 83' lang='lat' dir='ltr'><strong><em>bellum</em></strong></span> <span class='ocrx_word' id='word_1_22' title='bbox 775 607 801 646; x_wconf 86' lang='lat' dir='ltr'><strong><em>et</em></strong></span> <span class='ocrx_word' id='word_1_23' title='bbox 819 612 876 666; x_wconf 74' lang='lat' dir='ltr'><strong><em>pax</em></strong></span> <span class='ocrx_word' id='word_1_24' title='bbox 892 597 1002 648; x_wconf 86' lang='lat' dir='ltr'><strong><em>sancita</em></strong></span> <span class='ocrx_word' id='word_1_25' title='bbox 1021 596 1069 662; x_wconf 80' lang='grc'><strong>(9).</strong></span> 
     </span>
    </p>

    <p class='ocr_par' dir='ltr' id='par_1_3' title="bbox 297 663 1388 1639">
     <span class='ocr_line' id='line_1_5' title="bbox 365 663 1375 728; baseline 0 -12"><span class='ocrx_word' id='word_1_26' title='bbox 365 671 419 722; x_wconf 77' lang='lat' dir='ltr'><strong><em>Lm.</em></strong></span> <span class='ocrx_word' id='word_1_27' title='bbox 442 667 483 716; x_wconf 86' lang='lat' dir='ltr'><strong><em>Vl.</em></strong></span> <span class='ocrx_word' id='word_1_28' title='bbox 519 667 662 722; x_wconf 79' lang='lat' dir='ltr'><strong><em>Sullanum</em></strong></span> <span class='ocrx_word' id='word_1_29' title='bbox 683 665 817 717; x_wconf 85' lang='lat' dir='ltr'><strong><em>l&#39;erst&#39;cum</em></strong></span> <span class='ocrx_word' id='word_1_30' title='bbox 838 665 954 717; x_wconf 86' lang='lat' dir='ltr'><strong><em>Mannel</em></strong></span> <span class='ocrx_word' id='word_1_31' title='bbox 977 663 1086 715; x_wconf 85' lang='lat' dir='ltr'><strong><em>adoriri</em></strong></span> <span class='ocrx_word' id='word_1_32' title='bbox 1103 665 1264 726; x_wconf 86' lang='lat' dir='ltr'><strong><em>constitnit,</em></strong></span> <span class='ocrx_word' id='word_1_33' title='bbox 1285 665 1375 728; x_wconf 80' lang='lat' dir='ltr'><strong><em>Dory·</em></strong></span> 
     </span>
     <span class='ocr_line' id='line_1_6' title="bbox 297 733 1375 804; baseline -0.008 -11"><span class='ocrx_word' id='word_1_34' title='bbox 297 743 358 794; x_wconf 65' lang='lat' dir='ltr'><strong><em>turm</em></strong></span> <span class='ocrx_word' id='word_1_35' title='bbox 385 753 409 790; x_wconf 86' lang='lat' dir='ltr'><strong><em>et</em></strong></span> <span class='ocrx_word' id='word_1_36' title='bbox 429 738 524 788; x_wconf 71' lang='lat' dir='ltr'><strong><em>Sulrlco</em></strong></span> <span class='ocrx_word' id='word_1_37' title='bbox 552 737 737 786; x_wconf 81' lang='lat' dir='ltr'><strong><em>instauratis.-</em></strong></span> <span class='ocrx_word' id='word_1_38' title='bbox 764 752 793 791; x_wconf 76' lang='lat' dir='ltr'><strong><em>se</em></strong></span> <span class='ocrx_word' id='word_1_39' title='bbox 811 733 851 785; x_wconf 89' lang='lat' dir='ltr'><strong><em>ad</em></strong></span> <span class='ocrx_word' id='word_1_40' title='bbox 866 735 963 786; x_wconf 78' lang='lat' dir='ltr'><strong><em>lelium</em></strong></span> <span class='ocrx_word' id='word_1_41' title='bbox 980 746 1073 804; x_wconf 88' lang='lat' dir='ltr'><strong><em>aperte</em></strong></span> <span class='ocrx_word' id='word_1_42' title='bbox 1089 736 1211 802; x_wconf 78' lang='lat' dir='ltr'><strong><em>accingit</em></strong></span> <span class='ocrx_word' id='word_1_43' title='bbox 1229 736 1277 804; x_wconf 86' lang='lat' dir='ltr'><strong><em>(t).</em></strong></span> <span class='ocrx_word' id='word_1_44' title='bbox 1314 736 1375 786; x_wconf 86' lang='lat' dir='ltr'><strong><em>Mu-</em></strong></span> 
     </span>
     <span class='ocr_line' id='line_1_7' title="bbox 297 795 1377 885; baseline -0.006 -25"><span class='ocrx_word' id='word_1_45' title='bbox 297 809 360 860; x_wconf 88' lang='lat' dir='ltr'><strong><em>nuel</em></strong></span> <span class='ocrx_word' id='word_1_46' title='bbox 375 819 466 878; x_wconf 88' lang='lat' dir='ltr'><strong><em>spreta</em></strong></span> <span class='ocrx_word' id='word_1_47' title='bbox 482 807 589 857; x_wconf 84' lang='lat' dir='ltr'><strong><em>sultoni</em></strong></span> <span class='ocrx_word' id='word_1_48' title='bbox 605 795 704 885; x_wconf 57' lang='lat' dir='ltr'><strong><em>paccm&#39;</em></strong></span> <span class='ocrx_word' id='word_1_49' title='bbox 716 807 833 874; x_wconf 83' lang='lat' dir='ltr'><strong><em>petentis</em></strong></span> <span class='ocrx_word' id='word_1_50' title='bbox 846 804 984 872; x_wconf 78' lang='lat' dir='ltr'><em>legatione</em></span> <span class='ocrx_word' id='word_1_51' title='bbox 1001 803 1143 872; x_wconf 80' lang='lat' dir='ltr'><strong><em>superbiat</em></strong></span> <span class='ocrx_word' id='word_1_52' title='bbox 1160 820 1227 855; x_wconf 85' lang='lat' dir='ltr'><strong><em>suae</em></strong></span> <span class='ocrx_word' id='word_1_53' title='bbox 1246 803 1295 855; x_wconf 88' lang='lat' dir='ltr'><strong><em>dat</em></strong></span> <span class='ocrx_word' id='word_1_54' title='bbox 1313 819 1377 872; x_wconf 89' lang='lat' dir='ltr'><strong><em>poe-</em></strong></span> 
     </span>
     <span class='ocr_line' id='line_1_8' title="bbox 297 872 1378 946; baseline -0.009 -16"><span class='ocrx_word' id='word_1_55' title='bbox 297 897 367 939; x_wconf 84' lang='lat' dir='ltr'><strong><em>nas,</em></strong></span> <span class='ocrx_word' id='word_1_56' title='bbox 401 877 573 928; x_wconf 86' lang='lat' dir='ltr'><strong><em>temerarium</em></strong></span> <span class='ocrx_word' id='word_1_57' title='bbox 599 887 654 925; x_wconf 84' lang='lat' dir='ltr'><strong><em>tter</em></strong></span> <span class='ocrx_word' id='word_1_58' title='bbox 671 875 827 941; x_wconf 76' lang='lat' dir='ltr'><strong><em>ingressus,</em></strong></span> <span class='ocrx_word' id='word_1_59' title='bbox 847 875 878 924; x_wconf 90' lang='lat' dir='ltr'><strong><em>in</em></strong></span> <span class='ocrx_word' id='word_1_60' title='bbox 895 891 949 946; x_wconf 88' lang='lat' dir='ltr'><strong><em>quo</em></strong></span> <span class='ocrx_word' id='word_1_61' title='bbox 966 873 1073 942; x_wconf 81' lang='lat' dir='ltr'><strong><em>insigni</em></strong></span> <span class='ocrx_word' id='word_1_62' title='bbox 1092 873 1171 926; x_wconf 86' lang='lat' dir='ltr'><strong><em>clade</em></strong></span> <span class='ocrx_word' id='word_1_63' title='bbox 1188 873 1315 945; x_wconf 78' lang='lat' dir='ltr'><strong><em>afficitur</em></strong></span> <span class='ocrx_word' id='word_1_64' title='bbox 1331 872 1378 941; x_wconf 67' lang='lat' dir='ltr'><strong><em>(a)</em></strong></span> 
     </span>
     <span class='ocr_line' id='line_1_9' title="bbox 299 945 1379 1063; baseline -0.006 -63"><span class='ocrx_word' id='word_1_65' title='bbox 299 949 440 1018; x_wconf 82' lang='lat' dir='ltr'><strong><em>Capitalia</em></strong></span> <span class='ocrx_word' id='word_1_66' title='bbox 469 945 610 1006; x_wconf 83' lang='lat' dir='ltr'><strong><em>Manuelis</em></strong></span> <span class='ocrx_word' id='word_1_67' title='bbox 636 945 776 1014; x_wconf 77' lang='lat' dir='ltr'><strong><em>pericula,</em></strong></span> <span class='ocrx_word' id='word_1_68' title='bbox 807 959 879 1014; x_wconf 82' lang='lat' dir='ltr'><strong><em>quae</em></strong></span> <span class='ocrx_word' id='word_1_69' title='bbox 896 958 977 1012; x_wconf 74' lang='lat' dir='ltr'><strong><em>aegre</em></strong></span> <span class='ocrx_word' id='word_1_70' title='bbox 1000 956 1130 1063; x_wconf 68' lang='lat' dir='ltr'><strong><em>superat,</em></strong></span> <span class='ocrx_word' id='word_1_71' title='bbox 1157 945 1251 995; x_wconf 87' lang='lat' dir='ltr'><strong><em>multis</em></strong></span> <span class='ocrx_word' id='word_1_72' title='bbox 1267 960 1379 994; x_wconf 90' lang='lat' dir='ltr'><strong><em>suorum</em></strong></span> 
     </span>
     <span class='ocr_line' id='line_1_10' title="bbox 298 1011 1380 1084; baseline -0.006 -16"><span class='ocrx_word' id='word_1_73' title='bbox 298 1017 417 1069; x_wconf 80' lang='lat' dir='ltr'><strong><em>millibus</em></strong></span> <span class='ocrx_word' id='word_1_74' title='bbox 434 1027 458 1066; x_wconf 89' lang='lat' dir='ltr'><strong><em>et</em></strong></span> <span class='ocrx_word' id='word_1_75' title='bbox 479 1015 672 1064; x_wconf 79' lang='lat' dir='ltr'><strong><em>illustrissimis</em></strong></span> <span class='ocrx_word' id='word_1_76' title='bbox 692 1012 844 1084; x_wconf 71' lang='lat' dir='ltr'><strong><em>quibusque</em></strong></span> <span class='ocrx_word' id='word_1_77' title='bbox 874 1014 1001 1082; x_wconf 78' lang='lat' dir='ltr'><strong><em>cognatis</em></strong></span> <span class='ocrx_word' id='word_1_78' title='bbox 1039 1011 1182 1064; x_wconf 85' lang='lat' dir='ltr'><strong><em>esidcratis</em></strong></span> <span class='ocrx_word' id='word_1_79' title='bbox 1199 1015 1246 1081; x_wconf 83' lang='grc'><strong>(3).</strong></span> <span class='ocrx_word' id='word_1_80' title='bbox 1290 1028 1380 1062; x_wconf 84' lang='lat' dir='ltr'><strong><em>nouae</em></strong></span> 
     </span>
     <span class='ocr_line' id='line_1_11' title="bbox 299 1081 1380 1156; baseline -0.008 -17"><span class='ocrx_word' id='word_1_81' title='bbox 299 1085 412 1144; x_wconf 86' lang='lat' dir='ltr'><strong><em>caedes,</em></strong></span> <span class='ocrx_word' id='word_1_82' title='bbox 432 1083 580 1156; x_wconf 77' lang='lat' dir='ltr'><strong><em>exquibus</em></strong></span> <span class='ocrx_word' id='word_1_83' title='bbox 597 1084 703 1152; x_wconf 87' lang='lat' dir='ltr'><strong><em>elapsus</em></strong></span> <span class='ocrx_word' id='word_1_84' title='bbox 722 1083 837 1134; x_wconf 88' lang='lat' dir='ltr'><strong><em>Manutl</em></strong></span> <span class='ocrx_word' id='word_1_85' title='bbox 862 1095 888 1134; x_wconf 87' lang='lat' dir='ltr'><strong><em>et</em></strong></span> <span class='ocrx_word' id='word_1_86' title='bbox 906 1081 944 1133; x_wconf 84' lang='lat' dir='ltr'><strong><em>ad</em></strong></span> <span class='ocrx_word' id='word_1_87' title='bbox 959 1081 1081 1150; x_wconf 75' lang='lat' dir='ltr'><strong><em>legiones</em></strong></span> <span class='ocrx_word' id='word_1_88' title='bbox 1099 1081 1230 1134; x_wconf 86' lang='lat' dir='ltr'><strong><em>accedens</em></strong></span> <span class='ocrx_word' id='word_1_89' title='bbox 1244 1083 1380 1133; x_wconf 85' lang='lat' dir='ltr'><strong><em>conviciis</em></strong></span> 
     </span>
     <span class='ocr_line' id='line_1_12' title="bbox 299 1151 1382 1273; baseline -0.009 -63"><span class='ocrx_word' id='word_1_90' title='bbox 299 1154 483 1210; x_wconf 80' lang='lat' dir='ltr'><strong><em>acerbissimis</em></strong></span> <span class='ocrx_word' id='word_1_91' title='bbox 500 1153 651 1273; x_wconf 66' lang='lat' dir='ltr'><strong><em>pnqqgitur,</em></strong></span> <span class='ocrx_word' id='word_1_92' title='bbox 680 1169 750 1222; x_wconf 86' lang='lat' dir='ltr'><strong><em>quae</em></strong></span> <span class='ocrx_word' id='word_1_93' title='bbox 767 1153 888 1220; x_wconf 86' lang='lat' dir='ltr'><strong><em>patietni</em></strong></span> <span class='ocrx_word' id='word_1_94' title='bbox 903 1151 1014 1203; x_wconf 87' lang='lat' dir='ltr'><strong><em>silentio</em></strong></span> <span class='ocrx_word' id='word_1_95' title='bbox 1033 1151 1127 1203; x_wconf 83' lang='lat' dir='ltr'><strong><em>obruit</em></strong></span> <span class='ocrx_word' id='word_1_96' title='bbox 1142 1153 1191 1222; x_wconf 67' lang='lat' dir='ltr'><strong><em>(l).</em></strong></span> <span class='ocrx_word' id='word_1_97' title='bbox 1227 1151 1382 1222; x_wconf 63' lang='grc' dir='ltr'><strong><em>131ιάνίεεί-</em></strong></span> 
     </span>
     <span class='ocr_line' id='line_1_13' title="bbox 301 1219 1382 1293; baseline -0.007 -15"><span class='ocrx_word' id='word_1_98' title='bbox 301 1243 371 1278; x_wconf 82' lang='lat' dir='ltr'><strong><em>snum</em></strong></span> <span class='ocrx_word' id='word_1_99' title='bbox 389 1225 530 1276; x_wconf 87' lang='lat' dir='ltr'><strong><em>Mannelis</em></strong></span> <span class='ocrx_word' id='word_1_100' title='bbox 566 1240 580 1274; x_wconf 92' lang='lat' dir='ltr'><strong><em>e</em></strong></span> <span class='ocrx_word' id='word_1_101' title='bbox 599 1219 774 1273; x_wconf 70' lang='lat' dir='ltr'><strong><em>claudestina</em></strong></span> <span class='ocrx_word' id='word_1_102' title='bbox 790 1221 862 1293; x_wconf 67' lang='lat' dir='ltr'><strong><em>suga</em></strong></span> <span class='ocrx_word' id='word_1_103' title='bbox 881 1221 1026 1274; x_wconf 87' lang='lat' dir='ltr'><strong><em>consilium</em></strong></span> <span class='ocrx_word' id='word_1_104' title='bbox 1042 1238 1062 1271; x_wconf 89' lang='lat' dir='ltr'><strong><em>a</em></strong></span> <span class='ocrx_word' id='word_1_105' title='bbox 1113 1224 1208 1289; x_wconf 69' lang='lat' dir='ltr'><strong><em>agario</em></strong></span> <span class='ocrx_word' id='word_1_106' title='bbox 1226 1223 1315 1274; x_wconf 69' lang='lat' dir='ltr'><strong><em>milite</em></strong></span> <span class='ocrx_word' id='word_1_107' title='bbox 1334 1238 1382 1272; x_wconf 85' lang='lat' dir='ltr'><strong><em>ar-</em></strong></span> 
     </span>
     <span class='ocr_line' id='line_1_14' title="bbox 301 1289 1384 1366; baseline -0.006 -20"><span class='ocrx_word' id='word_1_108' title='bbox 301 1299 403 1366; x_wconf 81' lang='lat' dir='ltr'><strong><em>guitur.</em></strong></span> <span class='ocrx_word' id='word_1_109' title='bbox 423 1294 548 1344; x_wconf 82' lang='lat' dir='ltr'><strong><em>sultanus</em></strong></span> <span class='ocrx_word' id='word_1_110' title='bbox 565 1293 639 1344; x_wconf 86' lang='lat' dir='ltr'><strong><em>ultro</em></strong></span> <span class='ocrx_word' id='word_1_111' title='bbox 653 1292 782 1342; x_wconf 87' lang='lat' dir='ltr'><strong><em>Manueli</em></strong></span> <span class='ocrx_word' id='word_1_112' title='bbox 799 1307 893 1361; x_wconf 87' lang='lat' dir='ltr'><strong><em>pacem</em></strong></span> <span class='ocrx_word' id='word_1_113' title='bbox 911 1289 1006 1360; x_wconf 65' lang='lat' dir='ltr'><strong><em>(fiam</em></strong></span> <span class='ocrx_word' id='word_1_114' title='bbox 1026 1307 1045 1340; x_wconf 93' lang='lat' dir='ltr'><strong><em>u</em></strong></span> <span class='ocrx_word' id='word_1_115' title='bbox 1084 1308 1099 1341; x_wconf 89' lang='lat' dir='ltr'><strong><em>e</em></strong></span> <span class='ocrx_word' id='word_1_116' title='bbox 1117 1293 1285 1343; x_wconf 77' lang='lat' dir='ltr'><strong><em>Graecorum</em></strong></span> <span class='ocrx_word' id='word_1_117' title='bbox 1305 1307 1384 1350; x_wconf 65' lang='lat' dir='ltr'><strong><em>excr-</em></strong></span> 
     </span>
     <span class='ocr_line' id='line_1_15' title="bbox 304 1359 1386 1431; baseline -0.007 -13"><span class='ocrx_word' id='word_1_118' title='bbox 304 1365 373 1417; x_wconf 91' lang='lat' dir='ltr'><strong><em>citui</em></strong></span> <span class='ocrx_word' id='word_1_119' title='bbox 391 1363 474 1416; x_wconf 83' lang='lat' dir='ltr'><strong><em>salus.</em></strong></span> <span class='ocrx_word' id='word_1_120' title='bbox 517 1363 630 1412; x_wconf 80' lang='lat' dir='ltr'><strong><em>Nicetes</em></strong></span> <span class='ocrx_word' id='word_1_121' title='bbox 648 1359 681 1412; x_wconf 88' lang='lat' dir='ltr'><strong><em>de</em></strong></span> <span class='ocrx_word' id='word_1_122' title='bbox 700 1361 805 1412; x_wconf 85' lang='lat' dir='ltr'><strong><em>somnio</em></strong></span> <span class='ocrx_word' id='word_1_123' title='bbox 823 1361 964 1413; x_wconf 83' lang='lat' dir='ltr'><strong><em>Manuelis</em></strong></span> <span class='ocrx_word' id='word_1_124' title='bbox 980 1373 1007 1410; x_wconf 90' lang='lat' dir='ltr'><strong><em>et</em></strong></span> <span class='ocrx_word' id='word_1_125' title='bbox 1023 1362 1187 1430; x_wconf 77' lang='lat' dir='ltr'><strong><em>Mauropuli</em></strong></span> <span class='ocrx_word' id='word_1_126' title='bbox 1206 1375 1272 1413; x_wconf 87' lang='lat' dir='ltr'><strong><em>ante</em></strong></span> <span class='ocrx_word' id='word_1_127' title='bbox 1290 1360 1386 1431; x_wconf 85' lang='lat' dir='ltr'><strong><em>inseii-</em></strong></span> 
     </span>
     <span class='ocr_line' id='line_1_16' title="bbox 302 1429 1385 1501; baseline -0.005 -16"><span class='ocrx_word' id='word_1_128' title='bbox 302 1434 439 1486; x_wconf 88' lang='lat' dir='ltr'><strong><em>cissimam</em></strong></span> <span class='ocrx_word' id='word_1_129' title='bbox 457 1431 533 1481; x_wconf 88' lang='lat' dir='ltr'><strong><em>illam</em></strong></span> <span class='ocrx_word' id='word_1_130' title='bbox 552 1447 671 1501; x_wconf 79' lang='lat' dir='ltr'><strong><em>pugnam</em></strong></span> <span class='ocrx_word' id='word_1_131' title='bbox 695 1431 825 1483; x_wconf 87' lang='lat' dir='ltr'><strong><em>narratio</em></strong></span> <span class='ocrx_word' id='word_1_132' title='bbox 841 1429 891 1496; x_wconf 92' lang='grc'><strong>(5).</strong></span> <span class='ocrx_word' id='word_1_133' title='bbox 926 1431 999 1483; x_wconf 84' lang='lat' dir='ltr'><strong><em>Pace</em></strong></span> <span class='ocrx_word' id='word_1_134' title='bbox 1017 1431 1127 1481; x_wconf 86' lang='lat' dir='ltr'><strong><em>sancita</em></strong></span> <span class='ocrx_word' id='word_1_135' title='bbox 1146 1432 1267 1483; x_wconf 82' lang='lat' dir='ltr'><strong><em>Graecos</em></strong></span> <span class='ocrx_word' id='word_1_136' title='bbox 1285 1431 1385 1482; x_wconf 85' lang='lat' dir='ltr'><strong><em>Persae</em></strong></span> 
     </span>
     <span class='ocr_line' id='line_1_17' title="bbox 303 1497 1387 1570; baseline -0.004 -16"><span class='ocrx_word' id='word_1_137' title='bbox 303 1501 482 1554; x_wconf 82' lang='lat' dir='ltr'><strong><em>nihilominus</em></strong></span> <span class='ocrx_word' id='word_1_138' title='bbox 502 1500 642 1568; x_wconf 66' lang='lat' dir='ltr'><strong><em>inflectant.</em></strong></span> <span class='ocrx_word' id='word_1_139' title='bbox 679 1501 807 1552; x_wconf 83' lang='lat' dir='ltr'><strong><em>Manueli</em></strong></span> <span class='ocrx_word' id='word_1_140' title='bbox 829 1497 1039 1552; x_wconf 74' lang='lat' dir='ltr'><strong><em>condicionibus</em></strong></span> <span class='ocrx_word' id='word_1_141' title='bbox 1055 1501 1134 1566; x_wconf 87' lang='lat' dir='ltr'><strong><em>pacis</em></strong></span> <span class='ocrx_word' id='word_1_142' title='bbox 1151 1499 1227 1552; x_wconf 81' lang='lat' dir='ltr'><strong><em>ltaud</em></strong></span> <span class='ocrx_word' id='word_1_143' title='bbox 1243 1499 1387 1570; x_wconf 84' lang='lat' dir='ltr'><strong><em>satisfaci-</em></strong></span> 
     </span>
     <span class='ocr_line' id='line_1_18' title="bbox 304 1567 1388 1639; baseline -0.005 -17"><span class='ocrx_word' id='word_1_144' title='bbox 304 1573 363 1624; x_wconf 89' lang='lat' dir='ltr'><strong><em>enti</em></strong></span> <span class='ocrx_word' id='word_1_145' title='bbox 380 1572 506 1621; x_wconf 83' lang='lat' dir='ltr'><strong><em>sullanus</em></strong></span> <span class='ocrx_word' id='word_1_146' title='bbox 516 1571 614 1621; x_wconf 83' lang='lat' dir='ltr'><strong><em>bellum</em></strong></span> <span class='ocrx_word' id='word_1_147' title='bbox 625 1567 709 1639; x_wconf 72' lang='lat' dir='ltr'><strong><em>inflent</em></strong></span> <span class='ocrx_word' id='word_1_148' title='bbox 727 1569 775 1636; x_wconf 87' lang='grc'><strong>(6).</strong></span> <span class='ocrx_word' id='word_1_149' title='bbox 810 1569 1020 1638; x_wconf 80' lang='lat' dir='ltr'><strong><em>Manuelperle</em></strong></span> <span class='ocrx_word' id='word_1_150' title='bbox 1038 1580 1099 1619; x_wconf 90' lang='lat' dir='ltr'><strong><em>atos</em></strong></span> <span class='ocrx_word' id='word_1_151' title='bbox 1117 1570 1224 1623; x_wconf 74' lang='lat' dir='ltr'><strong><em>sullani</em></strong></span> <span class='ocrx_word' id='word_1_152' title='bbox 1238 1569 1388 1621; x_wconf 71' lang='lat' dir='ltr'><strong><em>exercitum</em></strong></span> 
     </span>
    </p>

    <p class='ocr_par' dir='ltr' id='par_1_4' title="bbox 256 1585 1403 2819">
     <span class='ocr_line' id='line_1_19' title="bbox 273 1585 1388 1714; baseline -0.003 -21"><span class='ocrx_word' id='word_1_153' title='bbox 273 1636 281 1658; x_wconf 65' lang='grc'><em>”</em></span> <span class='ocrx_word' id='word_1_154' title='bbox 304 1639 410 1714; x_wconf 85' lang='lat' dir='ltr'><strong><em>praeda</em></strong></span> <span class='ocrx_word' id='word_1_155' title='bbox 427 1651 553 1692; x_wconf 89' lang='lat' dir='ltr'><strong><em>onustum</em></strong></span> <span class='ocrx_word' id='word_1_156' title='bbox 572 1638 662 1690; x_wconf 86' lang='lat' dir='ltr'><strong><em>caedit</em></strong></span> <span class='ocrx_word' id='word_1_157' title='bbox 681 1651 705 1690; x_wconf 91' lang='lat' dir='ltr'><strong><em>et</em></strong></span> <span class='ocrx_word' id='word_1_158' title='bbox 731 1637 770 1690; x_wconf 91' lang='lat' dir='ltr'><strong><em>ad</em></strong></span> <span class='ocrx_word' id='word_1_159' title='bbox 786 1640 1000 1690; x_wconf 84' lang='lat' dir='ltr'><strong><em>internecionem</em></strong></span> <span class='ocrx_word' id='word_1_160' title='bbox 1015 1585 1086 1690; x_wconf 64' lang='lat' dir='ltr'><strong><em>ictu</em></strong></span> <span class='ocrx_word' id='word_1_161' title='bbox 1103 1637 1151 1706; x_wconf 80' lang='grc'><strong>(7)·</strong></span> <span class='ocrx_word' id='word_1_162' title='bbox 1186 1641 1251 1691; x_wconf 83' lang='lat' dir='ltr'><strong><em>Alia</em></strong></span> <span class='ocrx_word' id='word_1_163' title='bbox 1270 1639 1388 1691; x_wconf 85' lang='lat' dir='ltr'><strong><em>Manut-</em></strong></span> 
     </span>
     <span class='ocr_line' id='line_1_20' title="bbox 306 1706 1390 1780; baseline -0.002 -18"><span class='ocrx_word' id='word_1_164' title='bbox 306 1713 342 1762; x_wconf 87' lang='lat' dir='ltr'><strong><em>lis</em></strong></span> <span class='ocrx_word' id='word_1_165' title='bbox 372 1708 509 1777; x_wconf 75' lang='lat' dir='ltr'><strong><em>expeditio</em></strong></span> <span class='ocrx_word' id='word_1_166' title='bbox 527 1710 558 1759; x_wconf 89' lang='lat' dir='ltr'><strong><em>in</em></strong></span> <span class='ocrx_word' id='word_1_167' title='bbox 576 1709 673 1760; x_wconf 81' lang='lat' dir='ltr'><strong><em>Persas</em></strong></span> <span class='ocrx_word' id='word_1_168' title='bbox 693 1724 752 1759; x_wconf 86' lang='lat' dir='ltr'><strong><em>cnm</em></strong></span> <span class='ocrx_word' id='word_1_169' title='bbox 777 1708 887 1778; x_wconf 82' lang='lat' dir='ltr'><strong><em>infelici</em></strong></span> <span class='ocrx_word' id='word_1_170' title='bbox 911 1720 1018 1760; x_wconf 81' lang='lat' dir='ltr'><strong><em>eventu</em></strong></span> <span class='ocrx_word' id='word_1_171' title='bbox 1054 1706 1139 1761; x_wconf 84' lang='lat' dir='ltr'><strong><em>Turei</em></strong></span> <span class='ocrx_word' id='word_1_172' title='bbox 1157 1707 1354 1780; x_wconf 81' lang='lat' dir='ltr'><strong><em>Claudiopolim</em></strong></span> <span class='ocrx_word' id='word_1_173' title='bbox 1370 1725 1390 1760; x_wconf 88' lang='lat' dir='ltr'><strong><em>a</em></strong></span> 
     </span>
     <span class='ocr_line' id='line_1_21' title="bbox 307 1776 973 1846; baseline -0.003 -14"><span class='ocrx_word' id='word_1_174' title='bbox 307 1779 436 1832; x_wconf 86' lang='lat' dir='ltr'><strong><em>Manuele</em></strong></span> <span class='ocrx_word' id='word_1_175' title='bbox 476 1789 606 1830; x_wconf 82' lang='lat' dir='ltr'><strong><em>retectam</em></strong></span> <span class='ocrx_word' id='word_1_176' title='bbox 618 1779 730 1846; x_wconf 80' lang='lat' dir='ltr'><strong><em>frustra</em></strong></span> <span class='ocrx_word' id='word_1_177' title='bbox 746 1797 799 1846; x_wconf 90' lang='lat' dir='ltr'><strong><em>opp</em></strong></span> <span class='ocrx_word' id='word_1_178' title='bbox 836 1787 907 1828; x_wconf 86' lang='lat' dir='ltr'><strong><em>nant</em></strong></span> <span class='ocrx_word' id='word_1_179' title='bbox 923 1776 973 1846; x_wconf 83' lang='grc'><strong><em>(8)</em></strong></span> 
     </span>
     <span class='ocr_line' id='line_1_22' title="bbox 379 1793 1392 1901; baseline 0.001 -4"><span class='ocrx_word' id='word_1_180' title='bbox 379 1847 425 1898; x_wconf 76' lang='lat' dir='ltr'><strong><em>lut</em></strong></span> <span class='ocrx_word' id='word_1_181' title='bbox 451 1797 510 1896; x_wconf 70' lang='lat' dir='ltr'><strong><em>in.</em></strong></span> <span class='ocrx_word' id='word_1_182' title='bbox 545 1840 691 1901; x_wconf 77' lang='lat' dir='ltr'><strong><em>Manuelis‘</em></strong></span> <span class='ocrx_word' id='word_1_183' title='bbox 707 1849 739 1898; x_wconf 90' lang='lat' dir='ltr'><strong><em>in</em></strong></span> <span class='ocrx_word' id='word_1_184' title='bbox 757 1793 928 1900; x_wconf 50' lang='lat' dir='ltr'><strong><em>fridricus·</em></strong></span> <span class='ocrx_word' id='word_1_185' title='bbox 946 1847 1090 1900; x_wconf 84' lang='lat' dir='ltr'><strong><em>Caesarem</em></strong></span> <span class='ocrx_word' id='word_1_186' title='bbox 1107 1859 1134 1900; x_wconf 86' lang='lat' dir='ltr'><strong><em>et</em></strong></span> <span class='ocrx_word' id='word_1_187' title='bbox 1145 1845 1320 1900; x_wconf 87' lang='lat' dir='ltr'><strong><em>Occidentale</em></strong></span> <span class='ocrx_word' id='word_1_188' title='bbox 1340 1847 1392 1899; x_wconf 87' lang='lat' dir='ltr'><strong><em>im·</em></strong></span> 
     </span>
     <span class='ocr_line' id='line_1_23' title="bbox 308 1913 1392 1989; baseline -0.001 -20"><span class='ocrx_word' id='word_1_189' title='bbox 308 1920 413 1989; x_wconf 79' lang='lat' dir='ltr'><strong><em>perium</em></strong></span> <span class='ocrx_word' id='word_1_190' title='bbox 432 1913 544 1968; x_wconf 78' lang='lat' dir='ltr'><strong><em>dolosae</em></strong></span> <span class='ocrx_word' id='word_1_191' title='bbox 558 1929 639 1968; x_wconf 80' lang='lat' dir='ltr'><strong><em>artes.</em></strong></span> <span class='ocrx_word' id='word_1_192' title='bbox 676 1919 806 1968; x_wconf 83' lang='lat' dir='ltr'><strong><em>Anconae</em></strong></span> <span class='ocrx_word' id='word_1_193' title='bbox 824 1914 929 1967; x_wconf 77' lang='lat' dir='ltr'><strong><em>obsidio</em></strong></span> <span class='ocrx_word' id='word_1_194' title='bbox 946 1930 973 1968; x_wconf 91' lang='lat' dir='ltr'><strong><em>et</em></strong></span> <span class='ocrx_word' id='word_1_195' title='bbox 988 1919 1174 1986; x_wconf 73' lang='lat' dir='ltr'><strong><em>propugnatio</em></strong></span> <span class='ocrx_word' id='word_1_196' title='bbox 1192 1918 1240 1985; x_wconf 89' lang='grc' dir='ltr'><strong>(ι).</strong></span> <span class='ocrx_word' id='word_1_197' title='bbox 1277 1919 1392 1970; x_wconf 82' lang='lat' dir='ltr'><strong><em>Nicetae</em></strong></span> 
     </span>
     <span class='ocr_line' id='line_1_24' title="bbox 309 1983 1394 2057; baseline 0.001 -19"><span class='ocrx_word' id='word_1_198' title='bbox 309 1987 342 2038; x_wconf 91' lang='lat' dir='ltr'><strong><em>de</em></strong></span> <span class='ocrx_word' id='word_1_199' title='bbox 365 1987 504 2038; x_wconf 70' lang='lat' dir='ltr'><strong><em>Messallis</em></strong></span> <span class='ocrx_word' id='word_1_200' title='bbox 525 1985 644 2040; x_wconf 87' lang='lat' dir='ltr'><strong><em>consilio</em></strong></span> <span class='ocrx_word' id='word_1_201' title='bbox 662 1983 802 2037; x_wconf 87' lang='lat' dir='ltr'><strong><em>iudicium.</em></strong></span> <span class='ocrx_word' id='word_1_202' title='bbox 839 1987 979 2036; x_wconf 84' lang='lat' dir='ltr'><strong><em>Manuelis</em></strong></span> <span class='ocrx_word' id='word_1_203' title='bbox 999 1989 1160 2055; x_wconf 74' lang='lat' dir='ltr'><strong><em>rapacitas,</em></strong></span> <span class='ocrx_word' id='word_1_204' title='bbox 1177 1988 1353 2057; x_wconf 78' lang='lat' dir='ltr'><strong><em>profusiones</em></strong></span> <span class='ocrx_word' id='word_1_205' title='bbox 1366 1999 1394 2040; x_wconf 91' lang='lat' dir='ltr'><strong><em>et</em></strong></span> 
     </span>
     <span class='ocr_line' id='line_1_25' title="bbox 311 2053 1394 2126; baseline 0.001 -17"><span class='ocrx_word' id='word_1_206' title='bbox 311 2055 469 2109; x_wconf 85' lang='lat' dir='ltr'><strong><em>inconsulta</em></strong></span> <span class='ocrx_word' id='word_1_207' title='bbox 497 2057 527 2106; x_wconf 86' lang='lat' dir='ltr'><strong><em>in</em></strong></span> <span class='ocrx_word' id='word_1_208' title='bbox 547 2057 657 2123; x_wconf 76' lang='lat' dir='ltr'><strong><em>ignotos</em></strong></span> <span class='ocrx_word' id='word_1_209' title='bbox 677 2054 886 2120; x_wconf 59' lang='lat' dir='ltr'><strong><em>benevolarum</em></strong></span> <span class='ocrx_word' id='word_1_210' title='bbox 915 2053 988 2106; x_wconf 90' lang='lat' dir='ltr'><strong><em>unde</em></strong></span> <span class='ocrx_word' id='word_1_211' title='bbox 1004 2057 1124 2107; x_wconf 74' lang='lat' dir='ltr'><strong><em>maxima</em></strong></span> <span class='ocrx_word' id='word_1_212' title='bbox 1144 2059 1186 2109; x_wconf 79' lang='lat' dir='ltr'><strong><em>rei</em></strong></span> <span class='ocrx_word' id='word_1_213' title='bbox 1202 2057 1333 2126; x_wconf 80' lang='lat' dir='ltr'><strong><em>publicae</em></strong></span> <span class='ocrx_word' id='word_1_214' title='bbox 1349 2057 1394 2110; x_wconf 79' lang='lat' dir='ltr'><strong><em>lu·</em></strong></span> 
     </span>
     <span class='ocr_line' id='line_1_26' title="bbox 256 2123 1398 2193; baseline 0.006 -21"><span class='ocrx_word' id='word_1_215' title='bbox 256 2165 262 2172; x_wconf 80' lang='grc'><strong>.</strong></span> <span class='ocrx_word' id='word_1_216' title='bbox 313 2127 357 2176; x_wconf 82' lang='lat' dir='ltr'><strong><em>lms</em></strong></span> <span class='ocrx_word' id='word_1_217' title='bbox 375 2124 426 2193; x_wconf 75' lang='lat' dir='ltr'><strong><em>(a).</em></strong></span> <span class='ocrx_word' id='word_1_218' title='bbox 462 2123 600 2191; x_wconf 74' lang='lat' dir='ltr'><strong><em>Aedificia</em></strong></span> <span class='ocrx_word' id='word_1_219' title='bbox 617 2136 644 2174; x_wconf 88' lang='lat' dir='ltr'><strong><em>et</em></strong></span> <span class='ocrx_word' id='word_1_220' title='bbox 659 2124 913 2186; x_wconf 76' lang='lat' dir='ltr'><strong><em>lususldanuelis,</em></strong></span> <span class='ocrx_word' id='word_1_221' title='bbox 934 2126 1083 2177; x_wconf 87' lang='lat' dir='ltr'><strong><em>austeritas</em></strong></span> <span class='ocrx_word' id='word_1_222' title='bbox 1105 2126 1169 2178; x_wconf 81' lang='lat' dir='ltr'><strong><em>item</em></strong></span> <span class='ocrx_word' id='word_1_223' title='bbox 1186 2127 1218 2177; x_wconf 82' lang='lat' dir='ltr'><strong><em>in</em></strong></span> <span class='ocrx_word' id='word_1_224' title='bbox 1234 2126 1398 2189; x_wconf 76' lang='lat' dir='ltr'><strong><em>monadm,</em></strong></span> 
     </span>
     <span class='ocr_line' id='line_1_27' title="bbox 313 2191 1399 2266; baseline 0.001 -22"><span class='ocrx_word' id='word_1_225' title='bbox 313 2209 381 2261; x_wconf 79' lang='lat' dir='ltr'><strong><em>quos</em></strong></span> <span class='ocrx_word' id='word_1_226' title='bbox 394 2191 432 2242; x_wconf 89' lang='lat' dir='ltr'><strong><em>ad</em></strong></span> <span class='ocrx_word' id='word_1_227' title='bbox 448 2191 609 2260; x_wconf 75' lang='lat' dir='ltr'><strong><em>rigidiorem</em></strong></span> <span class='ocrx_word' id='word_1_228' title='bbox 627 2193 750 2243; x_wconf 88' lang='lat' dir='ltr'><strong><em>instituti</em></strong></span> <span class='ocrx_word' id='word_1_229' title='bbox 758 2195 803 2243; x_wconf 88' lang='lat' dir='ltr'><strong><em>sui</em></strong></span> <span class='ocrx_word' id='word_1_230' title='bbox 820 2193 1015 2263; x_wconf 78' lang='lat' dir='ltr'><strong><em>professionem</em></strong></span> <span class='ocrx_word' id='word_1_231' title='bbox 1032 2207 1146 2246; x_wconf 82' lang='lat' dir='ltr'><strong><em>reuocat</em></strong></span> <span class='ocrx_word' id='word_1_232' title='bbox 1162 2196 1210 2262; x_wconf 79' lang='lat'><strong>(³).</strong></span> <span class='ocrx_word' id='word_1_233' title='bbox 1245 2197 1399 2266; x_wconf 70' lang='lat' dir='ltr'><strong><em>Negligeu-</em></strong></span> 
     </span>
     <span class='ocr_line' id='line_1_28' title="bbox 314 2257 1400 2333; baseline 0.004 -20"><span class='ocrx_word' id='word_1_234' title='bbox 314 2266 356 2314; x_wconf 89' lang='lat' dir='ltr'><strong><em>tia</em></strong></span> <span class='ocrx_word' id='word_1_235' title='bbox 385 2257 503 2312; x_wconf 83' lang='lat' dir='ltr'><strong><em>eiusdem</em></strong></span> <span class='ocrx_word' id='word_1_236' title='bbox 521 2262 598 2313; x_wconf 85' lang='lat' dir='ltr'><strong><em>circa</em></strong></span> <span class='ocrx_word' id='word_1_237' title='bbox 626 2257 803 2330; x_wconf 86' lang='lat' dir='ltr'><strong><em>disciplinam</em></strong></span> <span class='ocrx_word' id='word_1_238' title='bbox 820 2261 957 2322; x_wconf 76' lang='lat' dir='ltr'><strong><em>utilitum,</em></strong></span> <span class='ocrx_word' id='word_1_239' title='bbox 981 2279 1051 2333; x_wconf 86' lang='lat' dir='ltr'><strong><em>quos</em></strong></span> <span class='ocrx_word' id='word_1_240' title='bbox 1067 2263 1155 2314; x_wconf 88' lang='lat' dir='ltr'><strong><em>nimia</em></strong></span> <span class='ocrx_word' id='word_1_241' title='bbox 1172 2264 1290 2316; x_wconf 85' lang='lat' dir='ltr'><strong><em>licentia</em></strong></span> <span class='ocrx_word' id='word_1_242' title='bbox 1308 2263 1400 2317; x_wconf 84' lang='lat' dir='ltr'><strong><em>reddit</em></strong></span> 
     </span>
     <span class='ocr_line' id='line_1_29' title="bbox 315 2329 1400 2398; baseline 0.003 -14"><span class='ocrx_word' id='word_1_243' title='bbox 315 2331 475 2384; x_wconf 87' lang='lat' dir='ltr'><strong><em>deterrimos</em></strong></span> <span class='ocrx_word' id='word_1_244' title='bbox 492 2330 541 2396; x_wconf 69' lang='grc'><strong>(5).</strong></span> <span class='ocrx_word' id='word_1_245' title='bbox 576 2329 649 2380; x_wconf 84' lang='lat' dir='ltr'><strong><em>Aula</em></strong></span> <span class='ocrx_word' id='word_1_246' title='bbox 667 2340 693 2380; x_wconf 84' lang='lat' dir='ltr'><strong><em>et</em></strong></span> <span class='ocrx_word' id='word_1_247' title='bbox 709 2331 811 2381; x_wconf 88' lang='lat' dir='ltr'><strong><em>militia</em></strong></span> <span class='ocrx_word' id='word_1_248' title='bbox 828 2329 996 2398; x_wconf 78' lang='lat' dir='ltr'><strong><em>perturbatis</em></strong></span> <span class='ocrx_word' id='word_1_249' title='bbox 1013 2333 1133 2384; x_wconf 76' lang='lat' dir='ltr'><strong><em>amatum</em></strong></span> <span class='ocrx_word' id='word_1_250' title='bbox 1144 2334 1250 2385; x_wconf 87' lang='lat' dir='ltr'><strong><em>curiose</em></strong></span> <span class='ocrx_word' id='word_1_251' title='bbox 1263 2333 1305 2385; x_wconf 85' lang='lat' dir='ltr'><strong><em>ad</em></strong></span> <span class='ocrx_word' id='word_1_252' title='bbox 1321 2333 1400 2387; x_wconf 73' lang='lat' dir='ltr'><strong><em>theo·</em></strong></span> 
     </span>
     <span class='ocr_line' id='line_1_30' title="bbox 317 2397 1400 2468; baseline 0.005 -16"><span class='ocrx_word' id='word_1_253' title='bbox 317 2401 421 2468; x_wconf 74' lang='lat' dir='ltr'><strong><em>logium</em></strong></span> <span class='ocrx_word' id='word_1_254' title='bbox 440 2417 475 2468; x_wconf 89' lang='lat' dir='ltr'><strong><em>ap</em></strong></span> <span class='ocrx_word' id='word_1_255' title='bbox 506 2399 580 2461; x_wconf 81' lang='lat' dir='ltr'><strong><em>icat,</em></strong></span> <span class='ocrx_word' id='word_1_256' title='bbox 606 2397 639 2450; x_wconf 83' lang='lat' dir='ltr'><strong><em>dc</em></strong></span> <span class='ocrx_word' id='word_1_257' title='bbox 661 2401 820 2468; x_wconf 75' lang='lat' dir='ltr'><strong><em>praecipuis</em></strong></span> <span class='ocrx_word' id='word_1_258' title='bbox 847 2397 993 2451; x_wconf 86' lang='lat' dir='ltr'><strong><em>doctrinae</em></strong></span> <span class='ocrx_word' id='word_1_259' title='bbox 1012 2400 1188 2456; x_wconf 78' lang='lat' dir='ltr'><strong><em>ctu&#39;utanm</em></strong></span> <span class='ocrx_word' id='word_1_260' title='bbox 1207 2404 1341 2457; x_wconf 75' lang='lat' dir='ltr'><strong><em>articulis</em></strong></span> <span class='ocrx_word' id='word_1_261' title='bbox 1359 2417 1400 2457; x_wconf 86' lang='lat' dir='ltr'><strong><em>te-</em></strong></span> 
     </span>
     <span class='ocr_line' id='line_1_31' title="bbox 317 2466 1402 2545; baseline 0.003 -23"><span class='ocrx_word' id='word_1_262' title='bbox 317 2469 435 2524; x_wconf 80' lang='lat' dir='ltr'><strong><em>merarie</em></strong></span> <span class='ocrx_word' id='word_1_263' title='bbox 478 2468 594 2537; x_wconf 84' lang='lat' dir='ltr'><strong><em>efiuiens</em></strong></span> <span class='ocrx_word' id='word_1_264' title='bbox 611 2467 659 2536; x_wconf 90' lang='grc'><strong><em>(5)</em></strong></span> <span class='ocrx_word' id='word_1_265' title='bbox 704 2469 815 2521; x_wconf 82' lang='lat' dir='ltr'><strong><em>insanit</em></strong></span> <span class='ocrx_word' id='word_1_266' title='bbox 836 2466 935 2522; x_wconf 87' lang='lat' dir='ltr'><strong><em>deinde</em></strong></span> <span class='ocrx_word' id='word_1_267' title='bbox 963 2470 1040 2522; x_wconf 86' lang='lat' dir='ltr'><strong><em>circa</em></strong></span> <span class='ocrx_word' id='word_1_268' title='bbox 1068 2469 1246 2524; x_wconf 78' lang='lat' dir='ltr'><strong><em>Maelometis</em></strong></span> <span class='ocrx_word' id='word_1_269' title='bbox 1269 2473 1402 2545; x_wconf 83' lang='lat' dir='ltr'><strong><em>llasplse-</em></strong></span> 
     </span>
     <span class='ocr_line' id='line_1_32' title="bbox 317 2535 1403 2610; baseline 0.004 -18"><span class='ocrx_word' id='word_1_270' title='bbox 317 2541 408 2599; x_wconf 89' lang='lat' dir='ltr'><strong><em>mias,</em></strong></span> <span class='ocrx_word' id='word_1_271' title='bbox 438 2555 510 2610; x_wconf 84' lang='lat' dir='ltr'><strong><em>quas</em></strong></span> <span class='ocrx_word' id='word_1_272' title='bbox 532 2535 621 2590; x_wconf 86' lang='lat' dir='ltr'><strong><em>doctis</em></strong></span> <span class='ocrx_word' id='word_1_273' title='bbox 646 2549 672 2590; x_wconf 86' lang='lat' dir='ltr'><strong><em>et</em></strong></span> <span class='ocrx_word' id='word_1_274' title='bbox 693 2539 749 2608; x_wconf 90' lang='lat' dir='ltr'><strong><em>piis</em></strong></span> <span class='ocrx_word' id='word_1_275' title='bbox 765 2539 838 2589; x_wconf 86' lang='lat' dir='ltr'><strong><em>viris</em></strong></span> <span class='ocrx_word' id='word_1_276' title='bbox 865 2539 1048 2608; x_wconf 74' lang='lat' dir='ltr'><strong><em>nequicquam</em></strong></span> <span class='ocrx_word' id='word_1_277' title='bbox 1077 2541 1291 2594; x_wconf 82' lang='lat' dir='ltr'><strong><em>reclamantilus</em></strong></span> <span class='ocrx_word' id='word_1_278' title='bbox 1311 2543 1403 2597; x_wconf 87' lang='lat' dir='ltr'><strong><em>edicto</em></strong></span> 
     </span>
     <span class='ocr_line' id='line_1_33' title="bbox 319 2606 1401 2682; baseline 0.002 -22"><span class='ocrx_word' id='word_1_279' title='bbox 319 2607 465 2679; x_wconf 79' lang='lat' dir='ltr'><strong><em>confirmat</em></strong></span> <span class='ocrx_word' id='word_1_280' title='bbox 484 2606 531 2674; x_wconf 86' lang='grc'><strong>(6).</strong></span> <span class='ocrx_word' id='word_1_281' title='bbox 565 2607 606 2660; x_wconf 87' lang='lat' dir='ltr'><strong><em>De</em></strong></span> <span class='ocrx_word' id='word_1_282' title='bbox 624 2608 763 2659; x_wconf 83' lang='lat' dir='ltr'><strong><em>Manuelis</em></strong></span> <span class='ocrx_word' id='word_1_283' title='bbox 782 2607 898 2660; x_wconf 87' lang='lat' dir='ltr'><strong><em>interitu</em></strong></span> <span class='ocrx_word' id='word_1_284' title='bbox 915 2611 1092 2678; x_wconf 77' lang='lat' dir='ltr'><strong><em>praesagium</em></strong></span> <span class='ocrx_word' id='word_1_285' title='bbox 1109 2609 1257 2665; x_wconf 82' lang='lat' dir='ltr'><strong><em>observatu</em></strong></span> <span class='ocrx_word' id='word_1_286' title='bbox 1278 2611 1401 2682; x_wconf 74' lang='lat' dir='ltr'><strong><em>dignum.</em></strong></span> 
     </span>
     <span class='ocr_line' id='line_1_34' title="bbox 320 2675 1403 2746; baseline 0.006 -17"><span class='ocrx_word' id='word_1_287' title='bbox 320 2680 350 2730; x_wconf 89' lang='lat' dir='ltr'><strong><em>in</em></strong></span> <span class='ocrx_word' id='word_1_288' title='bbox 368 2679 519 2729; x_wconf 87' lang='lat' dir='ltr'><strong><em>monastico</em></strong></span> <span class='ocrx_word' id='word_1_289' title='bbox 538 2675 651 2735; x_wconf 76' lang='lat' dir='ltr'><strong><em>halitu,</em></strong></span> <span class='ocrx_word' id='word_1_290' title='bbox 670 2676 705 2729; x_wconf 78' lang='lat' dir='ltr'><strong><em>al</em></strong></span> <span class='ocrx_word' id='word_1_291' title='bbox 726 2677 874 2745; x_wconf 78' lang='lat' dir='ltr'><strong><em>astrologis</em></strong></span> <span class='ocrx_word' id='word_1_292' title='bbox 892 2676 1081 2742; x_wconf 76' lang='lat' dir='ltr'><strong><em>dementatus,</em></strong></span> <span class='ocrx_word' id='word_1_293' title='bbox 1109 2681 1233 2735; x_wconf 76' lang='lat' dir='ltr'><strong><em>noritur.</em></strong></span> <span class='ocrx_word' id='word_1_294' title='bbox 1249 2699 1403 2746; x_wconf 79' lang='lat' dir='ltr'><strong><em>successor,</em></strong></span> 
     </span>
     <span class='ocr_line' id='line_1_35' title="bbox 320 2743 966 2819; baseline -0.002 -19"><span class='ocrx_word' id='word_1_295' title='bbox 320 2747 429 2817; x_wconf 77' lang='lat' dir='ltr'><strong><em>inperii</em></strong></span> <span class='ocrx_word' id='word_1_296' title='bbox 447 2757 566 2816; x_wconf 88' lang='lat' dir='ltr'><strong><em>tempus,</em></strong></span> <span class='ocrx_word' id='word_1_297' title='bbox 579 2758 604 2804; x_wconf 90' lang='lat' dir='ltr'><strong><em>et</em></strong></span> <span class='ocrx_word' id='word_1_298' title='bbox 621 2747 764 2817; x_wconf 83' lang='lat' dir='ltr'><strong><em>sepultura</em></strong></span> <span class='ocrx_word' id='word_1_299' title='bbox 783 2743 900 2804; x_wconf 81' lang='lat' dir='ltr'><strong><em>eiusdem</em></strong></span> <span class='ocrx_word' id='word_1_300' title='bbox 918 2747 966 2819; x_wconf 80' lang='lat'>(7).</span> 
     </span>
    </p>
   </div>
   <div class='ocr_carea' id='block_1_3' title="bbox 405 2929 1323 3001">
    <p class='ocr_par' dir='ltr' id='par_1_5' title="bbox 405 2929 1323 3001">
     <span class='ocr_line' id='line_1_36' title="bbox 405 2929 1323 3001; baseline 0.007 -7"><span class='ocrx_word' id='word_1_301' title='bbox 405 2929 686 2998; x_wconf 67' lang='lat' dir='ltr'><strong><em>DEnLEXto</em></strong></span> <span class='ocrx_word' id='word_1_302' title='bbox 721 2932 957 3001; x_wconf 80' lang='lat' dir='ltr'>COMNENO</span> <span class='ocrx_word' id='word_1_303' title='bbox 992 2935 1249 3000; x_wconf 80' lang='lat' dir='ltr'><strong>MANUELIS</strong></span> <span class='ocrx_word' id='word_1_304' title='bbox 1278 2937 1323 3000; x_wconf 84' lang='lat' dir='ltr'><strong><em>F.</em></strong></span> 
     </span>
    </p>
   </div>
   <div class='ocr_carea' id='block_1_4' title="bbox 324 3095 1409 3799">
    <p class='ocr_par' dir='ltr' id='par_1_6' title="bbox 324 3095 1409 3799">
     <span class='ocr_line' id='line_1_37' title="bbox 394 3095 1406 3170; baseline 0.008 -23"><span class='ocrx_word' id='word_1_305' title='bbox 394 3095 513 3148; x_wconf 80' lang='lat' dir='ltr'><strong><em>Puerilis</em></strong></span> <span class='ocrx_word' id='word_1_306' title='bbox 531 3109 608 3148; x_wconf 84' lang='lat' dir='ltr'><strong><em>aetas</em></strong></span> <span class='ocrx_word' id='word_1_307' title='bbox 625 3097 718 3150; x_wconf 76' lang='lat' dir='ltr'><strong><em>Aleaii</em></strong></span> <span class='ocrx_word' id='word_1_308' title='bbox 728 3139 737 3160; x_wconf 93' lang='lat'><strong><em>,</em></strong></span> <span class='ocrx_word' id='word_1_309' title='bbox 765 3099 907 3152; x_wconf 72' lang='lat' dir='ltr'><strong><em>Mastuelis</em></strong></span> <span class='ocrx_word' id='word_1_310' title='bbox 929 3098 990 3170; x_wconf 78' lang='lat' dir='ltr'><strong><em>filii</em></strong></span> <span class='ocrx_word' id='word_1_311' title='bbox 1005 3113 1032 3152; x_wconf 88' lang='lat' dir='ltr'><strong><em>et</em></strong></span> <span class='ocrx_word' id='word_1_312' title='bbox 1050 3101 1230 3163; x_wconf 84' lang='lat' dir='ltr'><strong><em>successoris,</em></strong></span> <span class='ocrx_word' id='word_1_313' title='bbox 1247 3101 1406 3156; x_wconf 82' lang='lat' dir='ltr'><strong><em>aulicorum</em></strong></span> 
     </span>
     <span class='ocr_line' id='line_1_38' title="bbox 324 3166 1407 3242; baseline 0.01 -26"><span class='ocrx_word' id='word_1_314' title='bbox 324 3168 386 3217; x_wconf 86' lang='lat' dir='ltr'><strong><em>item</em></strong></span> <span class='ocrx_word' id='word_1_315' title='bbox 412 3166 572 3236; x_wconf 80' lang='lat' dir='ltr'><strong><em>improbitas</em></strong></span> <span class='ocrx_word' id='word_1_316' title='bbox 604 3168 746 3232; x_wconf 86' lang='lat' dir='ltr'><strong><em>imperium</em></strong></span> <span class='ocrx_word' id='word_1_317' title='bbox 772 3170 938 3222; x_wconf 84' lang='lat' dir='ltr'><strong><em>Graecorum</em></strong></span> <span class='ocrx_word' id='word_1_318' title='bbox 963 3168 1112 3241; x_wconf 83' lang='lat' dir='ltr'><strong><em>pessundat</em></strong></span> <span class='ocrx_word' id='word_1_319' title='bbox 1137 3171 1187 3242; x_wconf 89' lang='grc' dir='ltr'><strong>(ι).</strong></span> <span class='ocrx_word' id='word_1_320' title='bbox 1229 3169 1407 3226; x_wconf 85' lang='lat' dir='ltr'><strong><em>Andronicus</em></strong></span> 
     </span>
     <span class='ocr_line' id='line_1_39' title="bbox 327 3237 1407 3310; baseline 0.009 -23"><span class='ocrx_word' id='word_1_321' title='bbox 327 3239 495 3297; x_wconf 84' lang='lat' dir='ltr'><strong><em>Contnenus,</em></strong></span> <span class='ocrx_word' id='word_1_322' title='bbox 520 3239 689 3308; x_wconf 82' lang='lat' dir='ltr'><strong><em>sequentium</em></strong></span> <span class='ocrx_word' id='word_1_323' title='bbox 719 3237 926 3307; x_wconf 72' lang='lat' dir='ltr'><strong><em>tragoediarum</em></strong></span> <span class='ocrx_word' id='word_1_324' title='bbox 946 3257 1013 3310; x_wconf 85' lang='lat' dir='ltr'><strong><em>pars</em></strong></span> <span class='ocrx_word' id='word_1_325' title='bbox 1029 3242 1165 3302; x_wconf 70' lang='lat' dir='ltr'><strong><em>maxima,</em></strong></span> <span class='ocrx_word' id='word_1_326' title='bbox 1194 3258 1253 3293; x_wconf 90' lang='lat' dir='ltr'><strong><em>cum</em></strong></span> <span class='ocrx_word' id='word_1_327' title='bbox 1271 3242 1407 3296; x_wconf 76' lang='lat' dir='ltr'><strong><em>Manuale</em></strong></span> 
     </span>
     <span class='ocr_line' id='line_1_40' title="bbox 326 3307 1408 3391; baseline 0.008 -35"><span class='ocrx_word' id='word_1_328' title='bbox 326 3307 522 3358; x_wconf 84' lang='lat' dir='ltr'><strong><em>reconciliatus</em></strong></span> <span class='ocrx_word' id='word_1_329' title='bbox 541 3310 675 3359; x_wconf 76' lang='lat' dir='ltr'><strong><em>(lenaeum</em></strong></span> <span class='ocrx_word' id='word_1_330' title='bbox 694 3309 855 3375; x_wconf 78' lang='lat' dir='ltr'><strong><em>allegatur,</em></strong></span> <span class='ocrx_word' id='word_1_331' title='bbox 873 3311 948 3360; x_wconf 90' lang='lat' dir='ltr'><strong><em>utin</em></strong></span> <span class='ocrx_word' id='word_1_332' title='bbox 964 3310 1021 3361; x_wconf 88' lang='lat' dir='ltr'><strong><em>otio</em></strong></span> <span class='ocrx_word' id='word_1_333' title='bbox 1037 3322 1100 3391; x_wconf 80' lang='lat' dir='ltr'><strong><em>post</em></strong></span> <span class='ocrx_word' id='word_1_334' title='bbox 1115 3311 1285 3383; x_wconf 75' lang='lat' dir='ltr'><strong><em>longinquos</em></strong></span> <span class='ocrx_word' id='word_1_335' title='bbox 1295 3319 1408 3365; x_wconf 77' lang='lat' dir='ltr'><strong><em>errores</em></strong></span> 
     </span>
     <span class='ocr_line' id='line_1_41' title="bbox 327 3376 1408 3452; baseline 0.01 -30"><span class='ocrx_word' id='word_1_336' title='bbox 327 3391 353 3423; x_wconf 90' lang='lat' dir='ltr'><strong><em>sc</em></strong></span> <span class='ocrx_word' id='word_1_337' title='bbox 375 3388 512 3426; x_wconf 87' lang='lat' dir='ltr'><strong><em>recrearet</em></strong></span> <span class='ocrx_word' id='word_1_338' title='bbox 528 3377 578 3444; x_wconf 78' lang='lat' dir='ltr'><strong><em>(n).</em></strong></span> <span class='ocrx_word' id='word_1_339' title='bbox 622 3380 655 3430; x_wconf 87' lang='lat' dir='ltr'><strong><em>lu</em></strong></span> <span class='ocrx_word' id='word_1_340' title='bbox 674 3377 824 3429; x_wconf 87' lang='lat' dir='ltr'><strong><em>solitudine</em></strong></span> <span class='ocrx_word' id='word_1_341' title='bbox 850 3395 902 3430; x_wconf 91' lang='lat' dir='ltr'><strong><em>sua</em></strong></span> <span class='ocrx_word' id='word_1_342' title='bbox 920 3376 1095 3432; x_wconf 73' lang='lat' dir='ltr'><strong><em>Andronicus</em></strong></span> <span class='ocrx_word' id='word_1_343' title='bbox 1123 3379 1233 3450; x_wconf 80' lang='lat' dir='ltr'><strong><em>imperii</em></strong></span> <span class='ocrx_word' id='word_1_344' title='bbox 1249 3381 1408 3452; x_wconf 83' lang='lat' dir='ltr'><strong><em>occupandi</em></strong></span> 
     </span>
     <span class='ocr_line' id='line_1_42' title="bbox 327 3441 1408 3520; baseline 0.013 -30"><span class='ocrx_word' id='word_1_345' title='bbox 327 3441 403 3502; x_wconf 84' lang='lat' dir='ltr'><strong><em>rudit</em></strong></span> <span class='ocrx_word' id='word_1_346' title='bbox 423 3445 540 3495; x_wconf 85' lang='lat' dir='ltr'><strong><em>consilia</em></strong></span> <span class='ocrx_word' id='word_1_347' title='bbox 555 3445 602 3514; x_wconf 78' lang='lat'>(3).</span> <span class='ocrx_word' id='word_1_348' title='bbox 638 3449 735 3499; x_wconf 85' lang='lat' dir='ltr'><strong><em>Maria</em></strong></span> <span class='ocrx_word' id='word_1_349' title='bbox 760 3448 937 3508; x_wconf 81' lang='lat' dir='ltr'><strong><em>Caesarisse,</em></strong></span> <span class='ocrx_word' id='word_1_350' title='bbox 958 3447 1053 3499; x_wconf 71' lang='lat' dir='ltr'><strong><em>Alexii</em></strong></span> <span class='ocrx_word' id='word_1_351' title='bbox 1065 3450 1147 3519; x_wconf 72' lang='lat' dir='ltr'><strong><em>paneri</em></strong></span> <span class='ocrx_word' id='word_1_352' title='bbox 1162 3452 1341 3520; x_wconf 71' lang='lat' dir='ltr'><strong><em>inperatoris</em></strong></span> <span class='ocrx_word' id='word_1_353' title='bbox 1357 3471 1408 3505; x_wconf 89' lang='lat' dir='ltr'><strong><em>so-</em></strong></span> 
     </span>
     <span class='ocr_line' id='line_1_43' title="bbox 327 3513 1409 3592; baseline 0.01 -29"><span class='ocrx_word' id='word_1_354' title='bbox 327 3531 390 3572; x_wconf 84' lang='lat' dir='ltr'><strong><em>rat&#39;,</em></strong></span> <span class='ocrx_word' id='word_1_355' title='bbox 413 3513 503 3562; x_wconf 78' lang='lat' dir='ltr'><strong><em>Alcaii</em></strong></span> <span class='ocrx_word' id='word_1_356' title='bbox 525 3516 723 3581; x_wconf 86' lang='lat' dir='ltr'><strong><em>protosclmsti,</em></strong></span> <span class='ocrx_word' id='word_1_357' title='bbox 740 3518 791 3588; x_wconf 90' lang='lat' dir='ltr'><strong><em>qui</em></strong></span> <span class='ocrx_word' id='word_1_358' title='bbox 810 3518 841 3568; x_wconf 92' lang='lat' dir='ltr'><strong><em>in</em></strong></span> <span class='ocrx_word' id='word_1_359' title='bbox 866 3517 934 3567; x_wconf 87' lang='lat' dir='ltr'><strong><em>aula</em></strong></span> <span class='ocrx_word' id='word_1_360' title='bbox 953 3533 1044 3569; x_wconf 80' lang='lat' dir='ltr'><strong><em>rerunt</em></strong></span> <span class='ocrx_word' id='word_1_361' title='bbox 1062 3517 1237 3592; x_wconf 74' lang='lat' dir='ltr'><strong><em>potiebatur,</em></strong></span> <span class='ocrx_word' id='word_1_362' title='bbox 1254 3525 1409 3589; x_wconf 77' lang='lat' dir='ltr'><strong><em>potentiam</em></strong></span> 
     </span>
     <span class='ocr_line' id='line_1_44' title="bbox 327 3582 1409 3656; baseline 0.009 -24"><span class='ocrx_word' id='word_1_363' title='bbox 327 3598 408 3650; x_wconf 76' lang='lat' dir='ltr'><strong><em>aegre</em></strong></span> <span class='ocrx_word' id='word_1_364' title='bbox 418 3582 516 3651; x_wconf 76' lang='lat' dir='ltr'><strong><em>serem</em></strong></span> <span class='ocrx_word' id='word_1_365' title='bbox 535 3586 753 3638; x_wconf 88' lang='lat' dir='ltr'><strong><em>coniurationem</em></strong></span> <span class='ocrx_word' id='word_1_366' title='bbox 773 3587 826 3638; x_wconf 89' lang='lat' dir='ltr'><strong><em>init</em></strong></span> <span class='ocrx_word' id='word_1_367' title='bbox 845 3585 892 3654; x_wconf 71' lang='grc'><strong>(4).</strong></span> <span class='ocrx_word' id='word_1_368' title='bbox 931 3586 1054 3641; x_wconf 88' lang='lat' dir='ltr'><strong><em>Consilio</em></strong></span> <span class='ocrx_word' id='word_1_369' title='bbox 1073 3606 1123 3645; x_wconf 83' lang='lat' dir='ltr'><strong><em>suo</em></strong></span> <span class='ocrx_word' id='word_1_370' title='bbox 1135 3591 1277 3656; x_wconf 67' lang='lat' dir='ltr'><strong><em>frustrata</em></strong></span> <span class='ocrx_word' id='word_1_371' title='bbox 1294 3590 1409 3644; x_wconf 87' lang='lat' dir='ltr'><strong><em>seditio-</em></strong></span> 
     </span>
     <span class='ocr_line' id='line_1_45' title="bbox 327 3653 1407 3726; baseline 0.013 -27"><span class='ocrx_word' id='word_1_372' title='bbox 327 3669 386 3700; x_wconf 82' lang='lat' dir='ltr'><strong><em>nem</em></strong></span> <span class='ocrx_word' id='word_1_373' title='bbox 405 3653 539 3712; x_wconf 73' lang='lat' dir='ltr'><strong><em>coercitas,</em></strong></span> <span class='ocrx_word' id='word_1_374' title='bbox 556 3653 706 3718; x_wconf 76' lang='lat' dir='ltr'><strong><em>Byzantius·</em></strong></span> <span class='ocrx_word' id='word_1_375' title='bbox 715 3657 812 3726; x_wconf 86' lang='lat' dir='ltr'><strong><em>populi</em></strong></span> <span class='ocrx_word' id='word_1_376' title='bbox 818 3655 926 3726; x_wconf 83' lang='lat' dir='ltr'><strong><em>favore</em></strong></span> <span class='ocrx_word' id='word_1_377' title='bbox 943 3654 1043 3710; x_wconf 87' lang='lat' dir='ltr'><strong><em>adiuta</em></strong></span> <span class='ocrx_word' id='word_1_378' title='bbox 1060 3659 1109 3726; x_wconf 93' lang='grc'><strong>(5).</strong></span> <span class='ocrx_word' id='word_1_379' title='bbox 1144 3658 1294 3713; x_wconf 81' lang='lat' dir='ltr'><strong><em>Seditionis</em></strong></span> <span class='ocrx_word' id='word_1_380' title='bbox 1313 3664 1407 3715; x_wconf 80' lang='lat' dir='ltr'><strong><em>atta-</em></strong></span> 
     </span>
     <span class='ocr_line' id='line_1_46' title="bbox 328 3721 1408 3799; baseline 0.013 -30"><span class='ocrx_word' id='word_1_381' title='bbox 328 3721 373 3772; x_wconf 83' lang='lat' dir='ltr'><strong><em>rin</em></strong></span> <span class='ocrx_word' id='word_1_382' title='bbox 391 3723 545 3772; x_wconf 83' lang='lat' dir='ltr'><strong><em>concitatae</em></strong></span> <span class='ocrx_word' id='word_1_383' title='bbox 564 3721 667 3792; x_wconf 57' lang='lat' dir='ltr'><strong><em>reflectet.</em></strong></span> <span class='ocrx_word' id='word_1_384' title='bbox 678 3726 861 3783; x_wconf 70' lang='lat' dir='ltr'><strong><em>m’otostlasti</em></strong></span> <span class='ocrx_word' id='word_1_385' title='bbox 880 3739 1004 3779; x_wconf 80' lang='lat' dir='ltr'><strong><em>cononis.</em></strong></span> <span class='ocrx_word' id='word_1_386' title='bbox 1016 3745 1110 3798; x_wconf 72' lang='lat' dir='ltr'><strong><em>pugna</em></strong></span> <span class='ocrx_word' id='word_1_387' title='bbox 1124 3742 1238 3782; x_wconf 87' lang='lat' dir='ltr'><strong><em>eruenta</em></strong></span> <span class='ocrx_word' id='word_1_388' title='bbox 1257 3728 1305 3799; x_wconf 78' lang='grc'><strong>(6).</strong></span> <span class='ocrx_word' id='word_1_389' title='bbox 1339 3732 1408 3783; x_wconf 79' lang='grc' dir='ltr'><strong><em>Μα-</em></strong></span> 
     </span>
    </p>
   </div>
   <div class='ocr_carea' id='block_1_5' title="bbox 275 3791 1412 4290">
    <p class='ocr_par' dir='ltr' id='par_1_7' title="bbox 275 3791 1412 4290">
     <span class='ocr_line' id='line_1_47' title="bbox 328 3791 1409 3869; baseline 0.006 -24"><span class='ocrx_word' id='word_1_390' title='bbox 328 3791 388 3842; x_wconf 82' lang='lat' dir='ltr'><strong><em>riae</em></strong></span> <span class='ocrx_word' id='word_1_391' title='bbox 414 3793 530 3844; x_wconf 79' lang='lat' dir='ltr'><strong><em>mortun</em></strong></span> <span class='ocrx_word' id='word_1_392' title='bbox 556 3809 619 3843; x_wconf 84' lang='lat' dir='ltr'><strong><em>suos</em></strong></span> <span class='ocrx_word' id='word_1_393' title='bbox 642 3793 682 3848; x_wconf 84' lang='lat' dir='ltr'><strong><em>ad</em></strong></span> <span class='ocrx_word' id='word_1_394' title='bbox 696 3814 815 3864; x_wconf 69' lang='lat' dir='ltr'><strong><em>pugnam</em></strong></span> <span class='ocrx_word' id='word_1_395' title='bbox 838 3796 1052 3852; x_wconf 83' lang='lat' dir='ltr'><strong><em>instaurandam</em></strong></span> <span class='ocrx_word' id='word_1_396' title='bbox 1073 3797 1221 3859; x_wconf 76' lang='lat' dir='ltr'><strong><em>humatur,</em></strong></span> <span class='ocrx_word' id='word_1_397' title='bbox 1238 3813 1265 3852; x_wconf 85' lang='lat' dir='ltr'><strong><em>tt</em></strong></span> <span class='ocrx_word' id='word_1_398' title='bbox 1281 3799 1409 3869; x_wconf 75' lang='lat' dir='ltr'><strong><em>impetum</em></strong></span> 
     </span>
     <span class='ocr_line' id='line_1_48' title="bbox 321 3860 1409 3935; baseline 0.013 -25"><span class='ocrx_word' id='word_1_399' title='bbox 321 3860 397 3928; x_wconf 79' lang='lat' dir='ltr'><strong><em>fiscis</em></strong></span> <span class='ocrx_word' id='word_1_400' title='bbox 418 3861 448 3910; x_wconf 87' lang='lat' dir='ltr'><strong><em>iu</em></strong></span> <span class='ocrx_word' id='word_1_401' title='bbox 476 3863 659 3929; x_wconf 83' lang='lat' dir='ltr'><strong><em>protoselusti</em></strong></span> <span class='ocrx_word' id='word_1_402' title='bbox 686 3866 794 3918; x_wconf 86' lang='lat' dir='ltr'><strong><em>milites.</em></strong></span> <span class='ocrx_word' id='word_1_403' title='bbox 813 3867 993 3935; x_wconf 76' lang='lat' dir='ltr'><strong><em>patriarchae</em></strong></span> <span class='ocrx_word' id='word_1_404' title='bbox 1011 3862 1149 3934; x_wconf 56' lang='lat' dir='ltr'><strong><em>molari</em></strong></span> <span class='ocrx_word' id='word_1_405' title='bbox 1167 3870 1333 3922; x_wconf 80' lang='lat' dir='ltr'><strong><em>auctoritate</em></strong></span> <span class='ocrx_word' id='word_1_406' title='bbox 1387 3887 1409 3920; x_wconf 80' lang='lat' dir='ltr'><strong><em>ts</em></strong></span> 
     </span>
     <span class='ocr_line' id='line_1_49' title="bbox 329 3933 1408 4006; baseline 0.007 -26"><span class='ocrx_word' id='word_1_407' title='bbox 329 3933 485 3981; x_wconf 84' lang='lat' dir='ltr'><strong><em>restituitur</em></strong></span> <span class='ocrx_word' id='word_1_408' title='bbox 503 3933 550 3997; x_wconf 78' lang='lat'>(7).</span> <span class='ocrx_word' id='word_1_409' title='bbox 594 3935 777 4002; x_wconf 75' lang='lat' dir='ltr'><strong><em>tgnmniuiost</em></strong></span> <span class='ocrx_word' id='word_1_410' title='bbox 794 3935 876 3988; x_wconf 71' lang='lat' dir='ltr'><strong><em>lituus</em></strong></span> <span class='ocrx_word' id='word_1_411' title='bbox 899 3937 965 3990; x_wconf 84' lang='lat' dir='ltr'><strong><em>belli</em></strong></span> <span class='ocrx_word' id='word_1_412' title='bbox 981 3935 1134 3988; x_wconf 88' lang='lat' dir='ltr'><strong><em>detestatio.</em></strong></span> <span class='ocrx_word' id='word_1_413' title='bbox 1151 3937 1316 4006; x_wconf 70' lang='lat' dir='ltr'><strong><em>patriarcha</em></strong></span> <span class='ocrx_word' id='word_1_414' title='bbox 1352 3939 1408 3989; x_wconf 88' lang='lat' dir='ltr'><strong><em>olis</em></strong></span> 
     </span>
     <span class='ocr_line' id='line_1_50' title="bbox 275 3999 1410 4075; baseline 0.01 -28"><span class='ocrx_word' id='word_1_415' title='bbox 275 4055 282 4070; x_wconf 31' lang='grc' dir='ltr'>ι</span> <span class='ocrx_word' id='word_1_416' title='bbox 326 3999 508 4067; x_wconf 81' lang='lat' dir='ltr'><strong><em>protoselmsti</em></strong></span> <span class='ocrx_word' id='word_1_417' title='bbox 527 4003 587 4053; x_wconf 87' lang='lat' dir='ltr'><strong><em>loco</em></strong></span> <span class='ocrx_word' id='word_1_418' title='bbox 605 4016 741 4066; x_wconf 82' lang='lat' dir='ltr'><strong><em>movetur,</em></strong></span> <span class='ocrx_word' id='word_1_419' title='bbox 760 4018 786 4056; x_wconf 85' lang='lat' dir='ltr'><strong><em>et</em></strong></span> <span class='ocrx_word' id='word_1_420' title='bbox 797 4007 883 4074; x_wconf 91' lang='lat' dir='ltr'><strong><em>paulo</em></strong></span> <span class='ocrx_word' id='word_1_421' title='bbox 901 4019 962 4074; x_wconf 85' lang='lat' dir='ltr'><strong><em>post</em></strong></span> <span class='ocrx_word' id='word_1_422' title='bbox 974 4006 1130 4058; x_wconf 86' lang='lat' dir='ltr'><strong><em>restituitur</em></strong></span> <span class='ocrx_word' id='word_1_423' title='bbox 1147 4008 1195 4075; x_wconf 89' lang='grc'><strong>(8).</strong></span> <span class='ocrx_word' id='word_1_424' title='bbox 1232 4007 1410 4060; x_wconf 81' lang='lat' dir='ltr'><strong><em>Andronicus</em></strong></span> 
     </span>
     <span class='ocr_line' id='line_1_51' title="bbox 330 4070 1409 4148; baseline 0.006 -28"><span class='ocrx_word' id='word_1_425' title='bbox 330 4081 422 4138; x_wconf 76' lang='lat' dir='ltr'><strong><em>aperte</em></strong></span> <span class='ocrx_word' id='word_1_426' title='bbox 440 4070 582 4138; x_wconf 80' lang='lat' dir='ltr'><strong><em>imperium</em></strong></span> <span class='ocrx_word' id='word_1_427' title='bbox 602 4071 720 4141; x_wconf 59' lang='lat' dir='ltr'><strong><em>affectat.</em></strong></span> <span class='ocrx_word' id='word_1_428' title='bbox 740 4075 943 4144; x_wconf 75' lang='lat' dir='ltr'><strong><em>protosebastus</em></strong></span> <span class='ocrx_word' id='word_1_429' title='bbox 960 4075 1143 4143; x_wconf 83' lang='lat' dir='ltr'><strong><em>imperatricis</em></strong></span> <span class='ocrx_word' id='word_1_430' title='bbox 1151 4077 1259 4148; x_wconf 71' lang='lat' dir='ltr'><strong><em>favone</em></strong></span> <span class='ocrx_word' id='word_1_431' title='bbox 1278 4077 1409 4139; x_wconf 71' lang='lat' dir='ltr'><strong><em>innixus,</em></strong></span> 
     </span>
     <span class='ocr_line' id='line_1_52' title="bbox 329 4141 1412 4209; baseline 0.008 -21"><span class='ocrx_word' id='word_1_432' title='bbox 329 4155 398 4205; x_wconf 86' lang='lat' dir='ltr'><strong><em>qnos</em></strong></span> <span class='ocrx_word' id='word_1_433' title='bbox 410 4150 435 4189; x_wconf 91' lang='lat' dir='ltr'><strong><em>et</em></strong></span> <span class='ocrx_word' id='word_1_434' title='bbox 445 4141 543 4209; x_wconf 64' lang='lat' dir='ltr'><strong><em>quilius</em></strong></span> <span class='ocrx_word' id='word_1_435' title='bbox 554 4155 639 4208; x_wconf 79' lang='lat' dir='ltr'><strong><em>potest</em></strong></span> <span class='ocrx_word' id='word_1_436' title='bbox 650 4143 734 4196; x_wconf 85' lang='lat' dir='ltr'><strong><em>modis</em></strong></span> <span class='ocrx_word' id='word_1_437' title='bbox 744 4145 938 4197; x_wconf 72' lang='lat' dir='ltr'><strong><em>silieoneiliat</em></strong></span> <span class='ocrx_word' id='word_1_438' title='bbox 949 4157 974 4194; x_wconf 87' lang='lat' dir='ltr'><strong><em>et</em></strong></span> <span class='ocrx_word' id='word_1_439' title='bbox 983 4142 1142 4200; x_wconf 73' lang='lat' dir='ltr'><strong><em>Andronico</em></strong></span> <span class='ocrx_word' id='word_1_440' title='bbox 1150 4145 1240 4198; x_wconf 83' lang='lat' dir='ltr'><strong><em>reddit</em></strong></span> <span class='ocrx_word' id='word_1_441' title='bbox 1248 4145 1412 4199; x_wconf 74' lang='lat' dir='ltr'><strong><em>ulversart-</em></strong></span> 
     </span>
     <span class='ocr_line' id='line_1_53' title="bbox 330 4206 1410 4290; baseline 0.01 -31"><span class='ocrx_word' id='word_1_442' title='bbox 330 4225 368 4259; x_wconf 68' lang='grc' dir='ltr'><strong><em>οε.</em></strong></span> <span class='ocrx_word' id='word_1_443' title='bbox 388 4206 561 4276; x_wconf 75' lang='lat' dir='ltr'><strong><em>Andronicus</em></strong></span> <span class='ocrx_word' id='word_1_444' title='bbox 577 4225 665 4264; x_wconf 78' lang='lat' dir='ltr'><strong><em>autent</em></strong></span> <span class='ocrx_word' id='word_1_445' title='bbox 681 4215 788 4268; x_wconf 77' lang='lat' dir='ltr'><strong><em>virt&#39;ius</em></strong></span> <span class='ocrx_word' id='word_1_446' title='bbox 801 4213 878 4268; x_wconf 84' lang='lat' dir='ltr'><strong><em>ltaud</em></strong></span> <span class='ocrx_word' id='word_1_447' title='bbox 893 4213 1040 4290; x_wconf 80' lang='lat' dir='ltr'><strong><em>destitutus</em></strong></span> <span class='ocrx_word' id='word_1_448' title='bbox 1062 4219 1094 4268; x_wconf 86' lang='lat' dir='ltr'><strong><em>t&#39;n</em></strong></span> <span class='ocrx_word' id='word_1_449' title='bbox 1106 4218 1232 4272; x_wconf 78' lang='lat' dir='ltr'><strong><em>t&#39;ttttt&#39;lttlo</em></strong></span> <span class='ocrx_word' id='word_1_450' title='bbox 1248 4219 1338 4288; x_wconf 70' lang='lat' dir='ltr'><strong><em>pergit</em></strong></span> <span class='ocrx_word' id='word_1_451' title='bbox 1357 4217 1410 4286; x_wconf 85' lang='lat'><strong>(9).</strong></span> 
     </span>
    </p>
   </div>
   <div class='ocr_carea' id='block_1_6' title="bbox 0 0 1552 4892">
    <p class='ocr_par' dir='ltr' id='par_1_8' title="bbox 0 0 1552 4892">
     <span class='ocr_line' id='line_1_54' title="bbox 0 0 1552 4892; baseline 0 0"><span class='ocrx_word' id='word_1_452' title='bbox 0 0 1552 4892; x_wconf 95' lang='lat' dir='ltr'><strong><em> </em></strong></span> 
     </span>
    </p>
   </div>
  </div>
 </body>
</html>
