3017 4892
366 308 551 377 1satcius
579 308 768 377 tuccius
795 309 847 373 m
875 310 1047 378 nanus
1078 313 1114 377 τ.
1201 282 1283 397 733

194 468 250 531 κατ’
273 464 317 549 τῷ
348 463 504 549 λεγομένῳ
526 456 560 525 αἶ
580 458 731 541 Σόνοδυι,
758 462 804 537 εές
823 456 944 546 ἔδαφος
967 464 1221 547 κατερράγησσν,
1237 459 1385 550 div-292

193 568 248 651 τῆς
274 562 369 645 ὀπτῆς
402 559 621 647 ε’παρκεσάσης
641 564 795 643 πλίνθου,
823 558 869 644 μή
890 564 954 626 ταῖν
973 565 1100 641 βαθέαν
1119 558 1284 644 άντισχάν·

193 688 257 730 τιον
275 664 461 743 θεμέθλοον,
485 658 553 723 ἀλλ’
570 656 722 725 ἐνδόντων
750 660 876 725 πάντων
898 660 956 725 κατ’
974 662 1064 745 δίκην
1082 662 1288 745 θρυαλλίδων

195 762 479 847 κατεργασθέντων.
529 751 648 843 ἤρξατο
673 763 735 840 μὲν
764 750 821 825 οὖν
848 754 997 846 ἧπριάτη
1013 759 1070 824 susi
1089 758 1191 845 πυράς
1215 758 1287 847 άφη

164 860 259 929 §dud
278 863 346 926 τοῦ,
364 860 562 942 συναγωγίαν
594 860 657 923 ταῖν
678 863 892 944 Σαρρακηνῶν
921 856 970 944 (τό
994 860 1031 925 δέ
1060 861 1129 923 έστι
1150 857 1230 923 κατά
1252 856 1287 923 τό

194 958 275 1045 πρός
303 955 471 1024 θάλασσαν
499 960 655 1033 έπικλινὲς
684 954 812 1042 βόρειον
840 962 938 1042 μέρος
959 958 1016 1043 τῆς
1030 956 1152 1032 πόλεως
1171 957 1228 1022 καί
1245 961 1289 1045 τῷ

128 1140 130 1147 Ι
192 1064 317 1143 τεμένει
346 1058 469 1142 έμγίζον
502 1052 521 1120 ό
541 1060 589 1123 ἐπ’
618 1056 762 1138 όνάματι·
777 1060 835 1142 τῆς
855 1058 949 1142 ἁγίας
969 1058 1107 1143 Εἰρήνης
1128 1058 1287 1142 ἵδρυται),

193 1156 349 1244 καὶπρὸς
381 1158 424 1223 im
445 1160 510 1223 κατ’
530 1148 624 1245 εὖρος
650 1159 806 1244 λωφῆσαν
828 1156 863 1233 ἐς
881 1155 937 1223 τόν
958 1155 1039 1223 νεοάν
1057 1156 1112 1222 τόν
1128 1159 1288 1237 παμμέμ·

192 1282 287 1337 υτον,
309 1254 391 1322 κατά
414 1258 443 1320 δ’
462 1252 600 1343 ἑσπέραν
621 1252 656 1331 ές
674 1254 710 1321 τά
733 1256 901 1341 λεγόμενον
921 1258 1066 1343 Πέραμα
1086 1258 1288 1340 έξεμηκίσθη,

144 1362 248 1425 tosus*
268 1356 401 1444 διερράη
427 1354 534 1421 ἔκτοτε
556 1357 612 1421 τοῦ
642 1356 780 1431 πλάτους
810 1355 985 1438 λαβόμενον
1017 1358 1074 1441 τῆς
1103 1351 1287 1440 πόλεως,ἢ

190 1460 311 1541 μᾶλλον
329 1453 365 1520 τά
387 1452 586 1538 καινότατον,
607 1459 663 1521 κατ’
682 1460 787 1521 ταῦτα
805 1458 873 1519 κατ’
891 1454 1039 1538 ε’τιίβυισιν
1061 1448 1167 1538 ὥσπερ
1188 1454 1286 1539 άπερ-

190 1555 349 1639 αλάμενον
385 1552 444 1630 τάς
472 1551 593 1631 ἔξωθεν
628 1558 684 1638 τῆς
719 1556 842 1629 πόλεως
872 1551 1008 1639 οἰκήσεις
1034 1548 1377 1647 κατενεμήσατο,ν,3ςη

189 1660 246 1721 κατ’
264 1658 327 1737 νῆα
355 1655 589 1739 περιπλέουσαν
619 1648 777 1739 άνθρακες
811 1656 1047 1736 ἐκτιναχθέντες
1075 1654 1281 1739 κατέφλεξαν.

188 1750 360 1842 ἡθόλοιντο
382 1756 418 1819 δὲ
447 1756 503 1817 κατ’
524 1748 554 1817 οἱ
580 1755 636 1819 τοῦ
656 1751 818 1833 Δομνίνου
839 1751 1001 1837 λεγόμενοι
1022 1752 1172 1836 ἔμβολοι,
1193 1750 1232 1815 αἳ
1247 1776 1283 1817 τε

143 1852 357 1935 ιδόπόστεγοι
376 1851 559 1937 ἀμφίδυμοι
589 1846 731 1939 άμφοδοι
760 1849 795 1917 αἱ
822 1852 886 1919 α’τιό
916 1857 975 1918 τοῦ
994 1852 1120 1917 Μιλιόυ
1141 1846 1283 1935 άρχόμε-

149 2019 155 2033 ,
191 1976 264 2035 ναι,
285 1942 330 2017 ὧν
350 1950 449 2035 άτέροι
462 1952 508 2026 εἰς
531 1945 608 2017 adad
630 1949 815 2035 παρατείνει
833 1952 870 2018 τὸ
887 1953 1116 2037 Φιλαδέλφιον.
1140 1948 1201 2016 σόν
1222 1950 1282 2015 αό-

190 2059 256 2127 τοῖς
279 2054 315 2117 δὲ
335 2045 355 2135 ἧ
379 2052 649 2126 Κωνσταντίνειυς
671 2047 775 2133 οἴγορά
795 2050 853 2116 καί
872 2049 912 2117 τά
933 2049 1052 2133 μεταξά
1072 2047 1198 2132 πάντα,
1220 2045 1280 2116 ὅσα

188 2148 269 2234 πρὸς
291 2154 411 2235 βορρᾶν
428 2147 483 2215 κατ’
500 2148 590 2215 νότον
608 2146 751 2232 πρόεισιν
772 2141 897 2231 ἄνεμον.
939 2143 1008 2215 τάδ’
1030 2148 1110 2213 αδτά
1133 2147 1169 2232 μό
1191 2147 1280 2213 ἱππι-

187 2246 243 2314 κόν
265 2245 486 2333 άδιαλιάβητον
507 2248 724 2332 ὑπολέλειπτο,
745 2247 828 2315 άλλά
851 2250 908 2315 κατ’
928 2248 1044 2315 τούτου
1064 2247 1102 2314 τά
1123 2247 1203 2334 πρὸς
1221 2252 1278 2313 δυ·

137 2346 269 2429 τοσμάς
290 2342 374 2413 άπαν
402 2350 499 2431 μέρος
526 2347 735 2433 έξεπυριόθη,
763 2350 820 2413 καί
845 2345 907 2415 ὅσα
926 2346 1064 2415 κάτεισιν
1092 2350 1126 2425 ές
1155 2348 1279 2434 Σοφίας

185 2437 243 2512 καί
261 2450 328 2511 κατ’
346 2446 425 2511 adso*
450 2444 486 2512 τό
509 2449 654 2513 Βόκανον
677 2451 926 2533 παρεκτείνεται,
947 2447 1004 2513 καί
1019 2451 1154 2533 καθεξῆς
1172 2445 1278 2513 δπόσα

184 2554 252 2623 τοῖς
272 2550 332 2611 τοῦ
348 2548 544 2629 Ἐλευθερίου
567 2548 781 2632 άγχιτέρμονα
793 2552 916 2634 μέρεσι.
956 2552 1016 2614 τοῦ
1035 2550 1072 2613 δὲ
1089 2546 1191 2633 πυράς
1212 2540 1276 2611 άπὸ

184 2645 348 2733 θαλάσσης
379 2644 439 2723 ἕως
471 2643 636 2733 θαλάσσης
655 2646 714 2733 την
735 2645 828 2714 πόλιν
847 2648 967 2715 osismos*
985 2649 1204 2729 διαζώσαντος
1223 2646 1281 2711 καί

257 2848 296 2883 ιο.
314 2830 472 2903 λαβόμενον
492 2850 537 2886 oin
555 2832 585 2885 A.
678 2851 714 2885 τε.
735 2834 786 2898 τῆς
805 2830 916 2891 πόλεως
934 2850 979 2885 om
997 2834 1028 2886 A.
1109 2835 1149 2885 13.
1166 2828 1277 2899 ἄνδρα.

251 2900 308 2975 κει]
328 2905 472 2975 τάρβουνα
494 2906 523 2957 Β.
652 2908 692 2973 14.
716 2906 749 2955 αἵ
765 2902 806 2975 τε]
835 2908 885 2956 καὶ
908 2904 939 2955 ui
960 2898 1278 2973 assumpseramus

252 2972 374 3045 στράται
392 2976 420 3029 Β.
494 2993 533 3045 ¹9·
554 2972 676 3049 δυσμάς]
695 2972 804 3047 δήμους
824 2974 876 3025 ΑΒ.

181 3152 311 3213 haerent,
337 3158 514 3215 corruerunt,
544 3150 617 3203 nihil
643 3168 727 3221 opere
754 3152 894 3215 latericio,
923 3150 997 3204 nihil
1014 3150 1156 3201 altissimis
1173 3149 1275 3201 sunda·

180 3222 281 3273 mentis
313 3221 523 3282 adiuvantibus,
553 3222 602 3274 sed
628 3223 755 3273 omnibus
784 3222 946 3275 cedentibus
963 3231 992 3273 et
1009 3223 1096 3273 instar
1114 3220 1275 3287 lychnorum

181 3292 341 3375 absumptis.
361 3294 453 3362 coepit
472 3292 629 3343 incendium
648 3310 663 3343 a
682 3294 827 3362 synagogio
847 3294 1064 3354 sarracenorum,
1082 3291 1157 3360 quod
1177 3292 1212 3343 ad
1224 3294 1276 3343 Se.

180 3364 396 3431 ptentrsonaiem
423 3362 499 3414 urbis
523 3372 629 3431 partem
646 3363 682 3414 ad
706 3380 780 3415 mare
809 3373 838 3417 et
855 3364 951 3415 aedem
971 3363 1050 3414 divae
1070 3362 1163 3413 Itonos
1180 3365 1274 3432 vergit

180 3448 273 3483 versus
293 3432 434 3485 Orientem
456 3433 485 3484 in
507 3432 655 3486 latitudine
675 3435 702 3485 in
728 3436 832 3504 templo
850 3436 968 3487 maximo
987 3433 1079 3485 desiit.
1096 3431 1131 3483 ad
1150 3450 1275 3487 occasum

180 3502 323 3571 usquead
352 3504 462 3555 Purama
487 3518 517 3555 se
536 3505 674 3569 extendit,
702 3513 731 3557 at
752 3522 787 3557 us
813 3505 879 3557 inde
897 3506 927 3556 in
957 3503 1133 3556 latitudinem
1150 3503 1226 3555 urbis
1244 3523 1274 3557 se

181 3572 306 3637 diiiudit3
326 3582 375 3625 aut
397 3574 491 3643 potius
521 3573 653 3628 inusitato
687 3522 769 3627 modo
801 3593 861 3627 eam
888 3576 974 3628 veluti
1003 3575 1158 3626 transiliens
1178 3574 1273 3628 domos

181 3644 364 3695 surburbanes
396 3644 564 3714 absumpsit,
583 3656 611 3699 et
628 3648 705 3698 navis
723 3648 753 3697 in
772 3647 864 3697 medio
883 3664 963 3698 cursu
983 3646 1148 3697 carbonibus
1165 3646 1194 3697 in
1212 3664 1273 3698 eam

180 3716 299 3766 excussis
318 3714 541 3783 contingendum
559 3719 664 3769 cineres
683 3717 793 3769 redacta
812 3726 877 3770 suut
888 3728 917 3770 et
928 3718 1038 3781 Domini
1058 3726 1155 3779 rostra,
1173 3725 1203 3769 ct
1220 3717 1273 3769 du-

179 3785 267 3907 plices
293 3788 359 3837 tecti
384 3786 503 3839 ambitus
531 3804 547 3838 a
570 3789 657 3839 Milio'
674 3788 858 3857 incipientes,
887 3806 1003 3859 quorum
1027 3788 1098 3839 alter
1118 3787 1154 3839 ad
1182 3788 1271 3857 ipsum

201 3856 401 3926 biiadeiphium
420 3859 554 3928 pertinet3
574 3876 683 3928 unaque
709 3860 883 3913 Constantini
898 3862 1003 3923 iorum,
1023 3867 1051 3909 et
1067 3874 1139 3928 quae
1156 3858 1272 3910 interie-

180 3936 223 3979 cta
241 3937 305 3979 sunt
318 3930 409 3979 omnia
430 3944 522 3981 versus
542 3930 763 3999 Septentrionem
790 3929 1066 3983 (κελευθοποιοὶ
1087 3946 1147 3980 sum
1173 3929 1271 3997 Hippi-

160 4016 239 4067 ,οιτον
268 3999 429 4051 inviolatum
452 4002 615 4069 permansit:
640 4000 688 4052 sed
706 4001 765 4051 eius
788 4018 900 4071 quoque
919 4020 980 4071 pars
1000 3948 1138 4053 occidenti
1157 3998 1271 4057 obversa

179 4071 288 4139 penitus
306 4070 487 4138 conflagravit,
511 4079 540 4122 et
557 4088 627 4141 quae
645 4071 679 4122 ad
693 4072 808 4140 Sophias
828 4081 856 4124 et
873 4075 1022 4125 baccanum
1038 4071 1223 4141 porriguntur,
1241 4081 1271 4123 et

179 4140 308 4209 deinceps
338 4141 489 4192 Eleutherii
508 4144 631 4210 partibus
658 4134 836 4193 contermina.
856 4161 916 4194 cnm
934 4153 1025 4197 autem
1047 4139 1204 4192 incendium
1223 4158 1270 4191 ur·

179 4208 240 4262 bem
262 4230 277 4263 a
296 4214 363 4265 mari
380 4228 466 4283 usque
485 4212 520 4263 ad
537 4230 611 4265 mare
629 4212 681 4265 hoc
694 4212 776 4267 modo
794 4223 911 4271 vastaret
930 4224 959 4267 et
977 4215 1008 4269 in
1022 4210 1128 4266 hiatum
1148 4210 1270 4265 vastissi-
