3017 4892
153 1189 510 1256 minuunssnro
536 1193 571 1257 s.
593 1196 631 1259 rt
662 1195 700 1259 n.
722 1197 899 1263 Patroni
924 1197 1151 1264 couniunt
1174 1159 1176 1164 ’

257 1367 532 1465 muto
576 1373 1049 1473 quAMuo

95 1723 222 1814 Editio
234 1749 370 1814 Nicetee
381 1757 465 1814 nora
481 1763 645 1836 patronum
662 1754 719 1818 sibi
734 1777 770 1818 ex
788 1776 876 1819 more
899 1755 1068 1841 quaerebat
1095 1753 1210 1820 adver.

104 1883 154 1924 sus
177 1859 344 1946 malignos
366 1861 559 1946 invidosque.
580 1884 660 1926 unns
679 1867 851 1942 occurristi,
873 1863 1212 1928 CarnnsursEurm-

109 1990 244 2050 insius,
266 1974 363 2035 cuius
391 1973 564 2056 patrocinio
594 1995 655 2035 non
676 1975 753 2035 levis
784 1983 890 2035 auctor
907 1993 971 2036 sese
989 1975 1216 2054 committeret,

110 2099 208 2141 unum
226 2079 278 2143 Te
297 2079 458 2164 siqnidem
477 2079 614 2144 ridemus
641 2080 796 2144 litteraria
817 2087 1017 2140 monuments
1037 2077 1108 2140 orbi
1140 2077 1216 2141 Gal.

109 2187 168 2249 lion
201 2187 336 2250 forsitan
365 2189 471 2271 ignota
492 2186 608 2272 ubique
639 2189 776 2274 gentium
802 2183 945 2272 conquiri
973 2185 1099 2265 iubere,
1131 2195 1163 2248 et
1179 2187 1216 2248 in

108 2297 335 2377 bdsliotbecam
344 2295 447 2358 Tuam
467 2295 740 2380 incomparabilem
758 2295 889 2374 admitti,
911 2304 993 2358 utet
1011 2294 1213 2356 certissimum

109 2406 147 2466 sit
167 2408 364 2489 scriptorem
387 2403 442 2488 qni
464 2414 496 2467 te
513 2405 597 2466 ultro
617 2405 680 2466 adit
699 2403 832 2490 benigna
852 2400 954 2467 lronte
974 2401 1139 2466 admissum
1160 2401 1210 2464 iri.

109 2513 171 2578 boe
190 2536 274 2578 vero
296 2515 437 2576 omnium
471 2514 581 2598 linguis
603 2513 806 2599 laudibusque
825 2511 974 2576 celebrari
990 2509 1099 2586 debet,
1125 2509 1215 2593 quod

110 2619 185 2682 licet
196 2642 232 2682 ea
245 2618 422 2704 prudentia,
437 2640 529 2701 quarn
541 2621 652 2682 caeteri
666 2642 701 2682 ex
712 2619 863 2682 librorum
876 2617 1007 2682 lectione
1020 2615 1216 2681 emendicare

111 2747 238 2790 ncesse
260 2727 390 2805 habent,
406 2727 479 2790 Tibi
500 2730 634 2812 ingenita
655 2732 703 2812 sit,
725 2751 776 2792 eos
796 2741 899 2792 tamen
920 2737 1007 2792 tanto
1020 2726 1113 2788 animi
1136 2748 1211 2788 con·

112 2833 255 2894 tentione
267 2844 396 2916 tamque
408 2837 548 2917 impenso
567 2847 689 2918 sumptu
712 2837 879 2918 comparari
898 2835 964 2914 vis,
984 2856 1022 2897 ao
1034 2836 1058 2897 si
1071 2833 1211 2918 pruden-

111 2939 156 3000 tia
174 2937 227 3002 illa
244 2961 309 3000 non
317 2943 391 3003 Tibi
407 2955 534 3026 cognata
551 2943 603 3006 sed
615 2945 723 3006 labore
739 2943 880 3028 paranda
908 2955 995 3007 esset.
1009 2945 1114 3027 itaque
1127 2943 1214 3005 bono

115 3049 212 3128 uagis
236 3048 366 3131 publico
383 3048 598 3112 bibliothecam
618 3050 754 3113 instituis
775 3071 868 3133 quam
879 3049 962 3129 Tuo,
984 3059 1021 3112 ut
1041 3069 1147 3113 omnes
1161 3049 1211 3108 in·

115 3155 259 3238 telligunt
275 3168 305 3217 et
327 3177 394 3218 rem
414 3155 487 3218 belli
502 3157 628 3241 etpccis
648 3155 760 3220 decora
779 3157 1008 3241 peraequeTibi
1027 3175 1123 3217 curae
1136 3173 1212 3214 esse.

117 3263 220 3326 altero
228 3263 340 3326 Gallici
356 3265 459 3328 bostes
477 3269 607 3330 nominis
621 3265 752 3347 obteres,
769 3265 869 3330 altero
891 3268 1051 3350 peritiores
1070 3262 1213 3323 homines

118 3369 250 3449 efficies,
277 3384 314 3436 nt
335 3385 450 3458 quanto
480 3375 523 3438 sis
548 3388 729 3438 ornamento
751 3375 883 3460 principi
904 3384 936 3435 ct
953 3393 1045 3456 quam
1061 3389 1211 3455 prospere

117 3501 185 3541 rem
205 3479 355 3575 Gallicaqr
384 3503 490 3566 geras,
518 3505 581 3545 non
609 3483 703 3546 modo
731 3483 781 3545 bis
799 3483 854 3566 qui
881 3483 976 3542 vitan
1003 3479 1131 3553 vivunt,
1153 3475 1211 3540 sed

116 3587 211 3648 ctiam
232 3553 372 3672 posteiff
380 3600 507 3654 narrent
525 3603 556 3654 et
575 3593 711 3655 tradant.
731 3590 832 3653 felices
853 3601 952 3650 autem
971 3599 1022 3650 ter
1040 3596 1209 3670 quaterque

114 3693 147 3755 bi
172 3717 301 3778 quornm
336 3719 434 3782 opera
464 3721 566 3762 reru·
596 3723 614 3761 a
644 3701 692 3763 Te
712 3697 864 3781 praeclare
883 3709 1035 3781 gestarum
1060 3691 1211 3755 memoria
1263 3777 1266 3781 ἵ

116 3807 258 3867 testatior
291 3807 372 3886 erit,
403 3807 471 3868 sire
498 3806 581 3890 quod
600 3807 727 3870 materia
746 3807 895 3870 illustrior
913 3808 979 3868 sire
997 3801 1081 3888 quod
1102 3821 1209 3862 rerum

116 3915 203 3995 copia
223 3912 311 3976 unlla
332 3915 374 3976 eis
387 3915 485 3996 possit
501 3913 627 3976 uberior
639 3915 836 3999 contingere:
858 3908 1114 3995 quemadmodum
1126 3906 1208 3966 eninr

113 4022 161 4080 rei
181 4021 334 4084 tenuitate
362 4019 522 4102 scriptoris
543 4019 719 4102 eloquentia
739 4017 908 4096 deteritur,
929 4017 972 4077 ita
994 4024 1025 4076 et
1042 4013 1087 4074 rei
1106 4009 1208 4092 digni-

111 4137 177 4191 tate
192 4131 341 4195 clarescit
359 4139 389 4190 et
408 4123 605 4190 diffunditur.
626 4123 658 4187 bi
671 4122 789 4187 Galliac
807 4125 886 4184 fines
904 4119 1140 4205 prudentissimo
1160 4118 1224 4180 fo·'

111 4234 318 4324 liciscinoqne
351 4233 481 4300 consilio
513 4231 583 4296 Tuo
616 4229 750 4316 prolatos
777 4231 810 4292 in
837 4228 926 4291 ltalia
955 4228 1146 4309 amabunt,
1176 4233 1209 4288 ct
