3017 4892
331 317 384 372 20
643 305 816 374 NICETAE
856 303 1090 371 euomuerit

328 463 362 530 τό
383 464 525 548 χρᾶσθαι
552 460 752 548 μεγαλαυχίᾳ
787 454 843 522 καί
871 455 931 522 σύν
950 456 1059 546 κόμπρι
1080 455 1272 542 τραχύτερον
1289 457 1413 522 unua·

328 560 364 629 τό
388 559 569 646 βάρβαρον,
605 559 650 636 εἰς
669 555 794 642 μνήμην
814 549 916 639 άγων,
941 553 984 631 ιδς
1002 553 1105 638 ἔοικε,
1126 553 1167 620 τό
1187 555 1362 637 πονηθέντα
1382 552 1416 618 αἱ

331 657 501 746 πρότερον,
529 653 622 740 ήνίκα
652 653 689 722 τά
715 654 881 736 Ῥωμαίων
902 657 1044 740 σκήπτρα
1066 656 1185 719 διεῖπεν
1208 649 1226 717 ό
1249 651 1416 736 Κομνηνὸς

329 757 482 839 Ἀλέξιος,
514 751 567 820 ότι
588 752 690 838 εἴχετο
714 749 823 841 Θρᾴκη
850 755 905 818 καί
924 749 965 818 τά
989 758 1118 816 πλεῖστα
1135 754 1190 835 τῆς
1210 751 1415 824 Μακεδονίας

238 865 242 873 ’
329 853 488 942 ήρήμωτο.
540 853 579 918 τό
599 855 659 935 μὲν
678 845 736 940 σύν
767 855 875 937 πριότα
897 854 1087 938 στρατηγικῇ
1106 848 1235 939 μεθόδιρ
1257 849 1450 932 χριόμενος5

330 954 347 1021 ό
366 954 519 1038 βασιλεύς
539 956 579 1018 δι’
595 954 772 1036 ἀποστολῆς
794 950 995 1035 ὁμογλώττων
1017 953 1076 1015 τού
1095 953 1158 1016 τάν
1182 950 1317 1014 Σκυθῶν
1336 947 1416 1011 ἀπο-

300 1057 478 1138 (ἶπειράται
506 1047 759 1135 στρατεύματος,
790 1048 823 1112 εἴ
842 1075 910 1126 πως
936 1054 969 1127 ἐς
1000 1048 1165 1133 ὁμολογίας
1193 1053 1342 1130 ξυμβαῖεν
1361 1045 1417 1110 καί

332 1155 389 1220 τοῦ
417 1150 471 1216 διά
505 1148 614 1234 μάχης
640 1159 760 1234 χωρεῖν
787 1150 955 1216 ἀποσταῖεν
982 1147 1095 1225 πάντες
1113 1144 1136 1233 ή
1154 1152 1230 1232 γοῦν
1250 1145 1348 1225 ἔνιοι,
1369 1147 1416 1218 είς

328 1254 455 1327 πλείους
476 1251 659 1338 διῃρημένοι
674 1248 778 1334 φυλὰς
792 1250 848 1312 καί
871 1245 1034 1333 διακριδὸν
1047 1245 1218 1331 οτρατήγια
1239 1244 1416 1328 βάλλοντες.

328 1345 581 1436 ἐφελκυσάμενος
602 1339 657 1414 οόν
684 1345 776 1413 τόνδε
804 1345 860 1412 τόν
879 1345 998 1431 τρόπον
1017 1345 1106 1422 τινάς
1125 1351 1187 1412 τάν
1208 1348 1281 1429 παρ’
1306 1345 1416 1418 αύτοῖς
1429 1373 1469 1416 10

326 1446 368 1512 τά
387 1451 495 1532 πρῶτα
515 1444 697 1533 φερόντων,
724 1451 829 1510 πᾶσαν
848 1445 1085 1532 φιλοφροσύνην
1104 1445 1151 1509 ἐπ’
1165 1449 1282 1518 ἀύτοῖς
1298 1444 1417 1508 ἐπιδεί-

327 1570 449 1629 κνυται,
472 1545 510 1610 ού
528 1542 624 1628 μόνον
640 1543 787 1629 περιττός
801 1542 957 1618 ἑστιάσεις
976 1544 1087 1622 αὐτοῖς
1108 1546 1336 1630 παραθέμενος,
1359 1544 1416 1606 ἀλ·

297 1661 302 1678 ‘
328 1642 369 1709 λά
391 1648 446 1709 καί
465 1652 606 1728 σηρικοΐς
627 1641 880 1728 καταγοητεύσας
904 1640 1087 1724 όματισμοῖς
1107 1645 1162 1708 καί
1180 1645 1344 1716 κυπέλλοις
1364 1642 1419 1705 κάτ’

329 1745 456 1827 λέβησιν
486 1745 655 1828 ἀργυρέοις
687 1729 935 1828 ύπαγαγόμενρς.
984 1743 1040 1806 καί
1058 1750 1122 1818 τοῖς
1149 1743 1275 1808 δελέασι
1296 1739 1417 1814 τούτοις

330 1839 369 1907 τά
394 1845 457 1918 τῶν
489 1844 622 1908 Σκυθῶν
650 1837 884 1924 όποχαυνάσας
905 1842 1114 1931 φρονήματα,
1136 1838 1214 1925 ἔγνω
1235 1838 1280 1925 μή
1305 1835 1416 1921 καιρόν
1429 1849 1471 1911 15

330 1935 414 2006 εἶναι
435 1939 635 2024 μελλήσεως,
659 1943 729 2004 ἀλλ’
749 1938 877 2022 ἐπάγειν
903 1940 1011 2016 αότοῖς
1030 1938 1088 2018 τάς
1105 1938 1261 2034 δυνάμεις
1281 1939 1340 2001 κάκ
1358 1941 1418 2002 τοῦ

332 2038 447 2106 αύτίκα
465 2037 704 2123 συντάξασθαι,
733 2037 792 2116 ἕως
818 2036 867 2102 ἔτι
887 2035 946 2114 τάς
968 2036 1095 2122 γνιύμας
1114 2036 1239 2124 ἔχοντός
1258 2041 1336 2104 εἰσιν
1355 2038 1417 2119 ἀμ-

297 2137 484 2223 Βφιβόλονς
503 2142 558 2203 καί
578 2135 712 2223 ῥέπουσι
728 2136 808 2222 πρός
823 2136 999 2224 ἀμφότερα,
1019 2141 1074 2204 καί
1087 2139 1255 2220 Ῥωμαίοις
1274 2139 1333 2220 μὲν
1347 2139 1419 2200 δια-

329 2236 493 2318 νοούμενοι
523 2235 720 2302 σπείσασθαι
748 2236 802 2301 διά
829 2232 867 2301 τά
887 2261 1000 2323 σφισιν
1032 2237 1304 2319 ἐπαγγελλόμενα,
1332 2239 1418 2318 θαρ-

330 2336 459 2419 ροῦντες
481 2336 516 2399 δὲ
542 2333 597 2399 καί
630 2333 685 2399 τόν
705 2334 842 2415 πόλεμον
863 2335 906 2412 αός
926 2339 984 2399 τού
1006 2339 1096 2400 νικοῖν
1116 2334 1230 2410 ἐθάδες
1250 2332 1348 2398 πύλαι
1365 2357 1475 2417 ymo

330 2430 466 2513 νόμενον.
510 2425 592 2516 ι’ίρας
609 2435 712 2497 τοίνυν
736 2435 771 2496 ἐκ
791 2434 853 2499 τιύν
873 2436 930 2516 τής
954 2432 1075 2517 Βερύης
1093 2434 1200 2517 μερῶν
1219 2433 1333 2518 (ἐκεῖσε
1354 2430 1416 2516 γὰρ

331 2531 626 2617 ἐστρατοπεδεύετο)
650 2541 798 2618 κνεφαῖος
825 2541 890 2607 τοῖς
909 2530 1048 2607 Σκύθαις
1072 2535 1296 2616 συρρήγνυται.
1335 2535 1419 2614 γίνε-

319 2649 386 2694 Ιται
406 2631 513 2694 τοίνυν
526 2631 683 2716 φρικαλέιι
697 2656 744 2707 τις
764 2631 920 2714 συμβολή,
941 2635 998 2696 καί
1015 2634 1332 2716 καταπληκτικωτέρα
1355 2631 1419 2694 τεόν

331 2723 453 2792 ποίποτε
483 2725 572 2813 μάχη
602 2734 804 2795 συνίσταται·
846 2732 879 2794 ol'
895 2753 930 2793 τε
952 2730 1014 2814 γάρ
1034 2730 1159 2796 Σκύθαι
1179 2728 1328 2814 γενναίως
1348 2729 1417 2794 ἐδέ-

331 2831 422 2906 ξαντο
441 2825 476 2893 τό
497 2825 647 2916 ἡμέτερον
661 2831 843 2916 στράτευμα
864 2829 904 2916 τῇ
924 2831 987 2896 τῶν
1006 2833 1111 2896 ἳππων
1131 2831 1278 2896 ἐπελάσει
1306 2829 1360 2894 καί
1378 2833 1475 2917 τήαό

405 3002 425 3040 r.
443 2991 571 3059 χρῆσθαι
588 2989 618 3044 Δ.
695 2994 718 3047 8.
739 2987 814 3061 πρός
830 2992 878 3043 πλ.
897 2992 926 3042 λ.

331 3130 379 3182 sed
400 3131 482 3183 etiam
501 3131 536 3184 ob
550 3131 723 3186 insolentiam
741 3143 769 3186 et
781 3133 973 3186 confidentiam
991 3132 1175 3184 barbarorum.
1188 3131 1329 3200 repetebat
1342 3132 1416 3183 enirn

331 3203 461 3253 raemoria
486 3203 595 3255 labores
622 3221 702 3269 suos,
733 3221 800 3274 quos
829 3206 925 3256 Alexio
945 3205 1084 3255 Comneno
1104 3204 1255 3270 imperante
1272 3211 1417 3272 coeperat,

332 3289 391 3323 cunr
403 3273 519 3324 Thracia
532 3283 661 3342 occupata
674 3284 702 3328 et
712 3276 873 3326 Macedonia
894 3277 1009 3326 maxima
1022 3281 1141 3341 exparte
1151 3271 1273 3323 desolata
1287 3282 1366 3325 esset
1385 3290 1417 3324 ac

331 3343 465 3411 principio
479 3345 568 3397 missis
581 3345 615 3395 ad
626 3345 737 3413 Scythas
747 3347 853 3414 legatis,
867 3363 960 3397 eorum
972 3346 1080 3411 linguae
1094 3344 1198 3411 peritis,
1211 3344 1362 3411 periculum
1375 3344 1417 3395 sa-

332 3413 370 3462 cit
384 3429 419 3461 un
437 3422 467 3465 ut
480 3415 514 3465 aul
525 3417 663 3483 pactiones
678 3415 844 3468 descendant
860 3415 1024 3485 persuadere
1037 3416 1124 3482 possit
1140 3421 1168 3464 et
1181 3433 1196 3464 a
1209 3413 1278 3464 belli
1295 3415 1416 3467 consiliis

333 3497 426 3531 omnes
438 3498 549 3536 avocare
563 3495 609 3538 aut
620 3489 714 3538 saltem
724 3488 877 3556 plerosque.
887 3503 950 3536 nam
958 3487 987 3536 in
999 3485 1089 3552 plures
1103 3483 1190 3535 tribus
1201 3485 1417 3538 erantdistribu-

332 3551 364 3612 ti,
385 3567 436 3601 nec
449 3554 572 3611 uniduei
583 3558 722 3624 parebant.
738 3558 791 3608 hoc
802 3558 885 3627 igitur
901 3564 981 3625 pacto
992 3554 1123 3623 quosdam
1144 3571 1177 3606 ex
1188 3555 1357 3625 principibus
1370 3572 1418 3607 eo-

333 3639 392 3672 rum
409 3624 483 3673 oruni
494 3641 590 3691 genere
604 3628 738 3680 comitatis
749 3628 802 3678 sibi
817 3627 953 3689 conciliat,
971 3643 1026 3677 non
1037 3623 1119 3677 modo
1131 3626 1277 3678 luxuriosis
1288 3627 1418 3680 conviviis

333 3692 509 3756 instruendis,
529 3694 577 3744 sesl
597 3705 624 3746 et
641 3700 732 3750 sericis
743 3699 863 3750 vestibus
876 3706 904 3748 et
914 3698 1019 3766 poculis
1030 3706 1058 3748 et
1069 3696 1208 3748 lebetibus
1222 3698 1356 3766 argenteis
1367 3697 1419 3747 do-

335 3762 441 3813 nandis.
456 3763 556 3833 quibus
578 3765 714 3820 illecebris
734 3787 793 3820 curn
806 3769 897 3819 sucum
917 3770 1027 3820 fecisset
1042 3768 1147 3833 Scythis
1166 3783 1267 3836 eosque
1283 3783 1352 3818 vana
1368 3784 1419 3835 spe

335 3832 471 3897 inflasset,
499 3852 554 3884 non
579 3837 759 3890 cunctandum
786 3856 844 3891 esse
862 3849 935 3891 ratus
956 3840 1047 3908 copias
1075 3838 1105 3888 in
1121 3837 1334 3899 artemetoris,
1352 3837 1418 3889 dum

335 3903 424 3954 adhue
443 3904 576 3974 anrhiguis
610 3917 700 3959 essent
726 3911 822 3961 animis
845 3919 874 3962 et
892 3910 1044 3978 suspensis,
1061 3924 1092 3957 ac
1110 3923 1205 3975 pacem
1227 3908 1261 3960 ob
1279 3906 1420 3975 pollicita-

335 3975 423 4024 tiones
443 3977 503 4026 illas
522 3995 581 4029 curn
602 3979 726 4030 llornanis
754 3981 843 4034 lacere
862 3982 1028 4047 cogitarent,
1048 3993 1099 4028 nec
1118 3985 1209 4030 tamen
1230 3997 1245 4027 a
1263 3993 1366 4045 pugna,
1386 3987 1420 4031 ut

335 4044 400 4093 olim
419 4045 526 4098 vincere
545 4048 663 4111 assueti,
684 4049 869 4102 abhorrerent.
888 4051 986 4102 csl'ucto
1001 4048 1084 4115 igitur
1101 4048 1185 4100 Beros
1206 4047 1325 4100 exercitu
1344 4046 1420 4117 (nam

335 4111 375 4162 ibi
393 4125 479 4168 castra
496 4117 628 4191 babebat)
657 4122 816 4190 crepusculo
838 4121 949 4187 Scythas
970 4117 1130 4187 aggreditur.
1148 4121 1179 4171 fit
1197 4116 1337 4168 horribilis
1353 4135 1420 4170 con-

335 4181 439 4250 flictus,
464 4195 492 4240 et
515 4192 682 4244 atrocissima
706 4209 797 4263 pugna
826 4191 1010 4245 committitur.
1033 4205 1097 4244 nam
1117 4198 1145 4244 et
1164 4187 1278 4258 Scythae
1296 4196 1421 4243 nostrum
