3017 4892
388 293 442 396 on
469 329 662 400 usuum
697 332 895 402 connino
924 336 998 402 tre.
1016 339 1086 402 vn.
1188 307 1272 396 283

190 480 428 557 associaretur
441 477 586 566 ἐπιθήσει
597 483 685 566 δίκην
697 483 741 570 τῷ
755 483 833 548 κατοὶ
845 483 991 568 Χριστοηῖ
1006 486 1117 569 κυρίου
1141 481 1277 568 δρυγγό-

192 602 274 663 νοντι
292 576 479 666 βλάσφημα,
496 573 519 663 ἢ
537 583 735 664 κατακριθείς
756 579 800 655 σός
820 583 925 666 ἕτερον
944 577 1084 661 δοξάζων
1103 582 1182 648 θεόν
1199 587 1277 666 παρ’

192 675 282 743 δνσὶ
312 679 348 743 διε
377 680 521 765 Χριστοῦ
550 675 739 760 καλοόμενοι
765 681 913 762 σέβονται
941 680 1202 766 μεταμαθῆσεται
1218 681 1276 766 τὴν

192 774 368 863 ἀληθειαν,
390 780 446 842 καί
461 777 561 862 χάριν
581 775 700 844 εἴσεται
720 779 761 842 ου’
779 775 897 863 μικρόν
917 783 961 866 τῷ
981 783 1038 862 τῆς
1057 783 1197 866 χείρονος
1216 782 1277 846 αὖ·

165 875 244 947 5τόν
269 873 503 962 μεταστήσαντι
532 874 624 962 δόξης
644 873 699 942 καί
724 877 882 961 μυὴσαντι
908 877 965 962 τὴν
989 874 1155 961 ἀλήθειαν.
1196 878 1274 961 pert

189 975 297 1062 βραχεῖ
322 977 358 1042 δὲ
386 977 443 1043 rosi
469 972 670 1060 πατριάρχου
700 975 746 1052 είς
768 978 850 1042 θέαν
877 975 984 1066 ἐκεινῳ
1010 975 1199 1062 ἐληλυθότος
1221 982 1277 1042 καί

190 1073 421 1165 κατεπᾴσαντος
436 1074 476 1142 τό
498 1071 604 1141 είκότα
626 1079 684 1143 soii
701 1098 736 1141 τε
755 1079 867 1157 θυμοῦ
885 1075 991 1162 ἔληξε,
1013 1080 1069 1142 καί
1087 1078 1132 1164 τῷ
1150 1078 1277 1142 Eristo-

189 1177 253 1264 θίφ
275 1169 461 1259 συγγνώμην
482 1179 659 1260 παρέσχετο
677 1175 728 1262 ἐφ’
746 1169 795 1252 οἷς
814 1178 1074 1262 παρεφθίγξατο,
1090 1171 1278 1250 ’ἐνδεδωκώς

190 1268 279 1362 crispi
313 1269 373 1340 ion
398 1273 506 1360 ᾑρεῖτο
527 1266 808 1359 ἀπολογήσασθαι,
841 1281 1020 1340 τελευταῖον
1049 1277 1086 1342 δὲ
1105 1277 1162 1340 καί
1181 1271 1277 1348 αδτός

146 1372 328 1446 ιοδπειπιόν
360 1373 402 1448 aig
428 1374 503 1455 „siet
518 1395 554 1438 σε
582 1371 684 1459 σοφόν
715 1365 792 1440 ὄντα
812 1371 857 1458 μὴ
879 1370 1138 1458 αἰσχρορρημονα
1156 1373 1278 1436 δειλινυ·

190 1477 270 1540 σθαι
298 1474 383 1558 μηδὲ
416 1477 650 1557 θρασυστομεῖν
678 1476 909 1559 παρακαιρια.”
955 1471 1010 1539 ε’πί
1030 1473 1066 1539 δὲ
1087 1469 1210 1546 τοότοις
1230 1469 1277 1546 είς

189 1571 296 1656 κοινὴν
320 1572 464 1648 δοθέντος
485 1567 637 1658 οἷκρόασιν
656 1573 714 1637 τοῦ
733 1575 810 1657 περί
826 1573 885 1637 τοῦ
903 1567 1060 1655 δόγματος
1080 1570 1204 1652 τόμου,
1221 1566 1304 1634 unilt

189 1668 313 1736 πόντων
332 1669 563 1736 ἐπαινεσάντων
582 1666 622 1736 τοὶ
642 1674 843 1756 γεγραμμένα
871 1667 914 1748 σός
935 1665 1076 1754 εόσεβοῖς
1096 1669 1276 1753 δρθοτομη-

188 1774 303 1852 θέντα,
330 1769 386 1835 καί
410 1771 591 1857 περιχαρῶς
616 1771 650 1836 όν
672 1765 762 1858 uisui
789 1768 975 1856 ὑπογράψαι
996 1767 1275 1851 καταθεμὲνων,ό

146 1867 342 1953 ι5σόλλογος
362 1871 530 1935 διελέλυτο.
572 1873 628 1936 καί
651 1868 680 1935 oi
700 1871 759 1952 μὲν
777 1871 919 1956 α’πῄεσαν
943 1864 1151 1953 ἀγαλλόμενοι
1173 1866 1217 1942 uic
1234 1868 1277 1954 τῇ

189 1970 288 2057 αι’κειρι
307 1963 447 2034 ἑνστόσει
464 1963 519 2034 τόν
538 1971 671 2050 βασιλέα
691 1967 904 2053 νενικηκότες·
928 1966 945 2031 ό
966 1970 1002 2032 δὲ
1023 1964 1151 2049 ἔχαιρεν
1174 1963 1219 2041 nic
1237 1969 1277 2054 τῇ
1353 1963 1358 1975 ’

187 2062 308 2134 ἑαυτοῦ
317 2070 552 2142 καθυποκλίνας
561 2065 694 2144 τούτους
703 2071 812 2153 βουλῇ,
828 2065 884 2131 καί
895 2062 984 2148 σχών
998 2066 1052 2129 διοὶ
1059 2066 1275 2147 βραχυλογιλις

188 2160 289 2254 οόπερ
312 2164 365 2233 διοὶ
387 2169 447 2232 τοῦ
464 2167 656 2249 πολυστίχου
680 2164 832 2251 πρότερον
849 2161 948 2246 τόμου
965 2165 1113 2246 ου’δαμαῑς
1133 2167 1270 2249 ἐφίκετο.
1302 2238 1309 2243 ,

187 2264 269 2332 κατὰ
292 2268 330 2332 δὲ
348 2262 406 2351 τήν
418 2269 488 2348 μετ’
511 2266 630 2350 luerim
650 2264 773 2351 ἡμέραν
796 2265 842 2342 εἰς
860 2260 919 2350 τὴν
937 2261 1170 2349 πατριαρχικην
1186 2258 1273 2327 ἐστί-ο

140 2385 228 2430 noes
256 2363 279 2450 ἧ
308 2363 440 2440 σύνοδος
470 2365 699 2448 ἀθροισθεῖσα,
731 2361 817 2440 ὅπως
847 2361 926 2428 κατὰ
954 2361 994 2428 τό
1016 2363 1270 2448 συμφωνηθέντα

94 2455 99 2469 '
188 2461 348 2549 δρόσοισιν
376 2457 459 2549 (ἅμα
486 2461 548 2547 γὰρ
569 2464 611 2550 ips
631 2466 778 2550 παρῆσαν
799 2460 829 2527 οἱ
856 2464 891 2527 ἐκ
909 2464 1064 2544 βασιλέως
1085 2457 1203 2535 nicosie
1224 2461 1310 2538 sicli.
1322 2474 1371 2529 uo

187 2563 244 2628 ἕνα
263 2561 442 2648 α’θροισμδν
470 2565 736 2650 συναγείροντες),
765 2559 795 2628 oi
815 2564 846 2628 δ’
871 2562 970 2628 οόκίί
1001 2553 1083 2645 ἦσαν
1109 2557 1139 2625 oi
1160 2560 1269 2658 ου’τοί,

188 2657 259 2725 ἀλλ’
278 2661 425 2727 ἀνένευον
443 2659 559 2738 πάντες
579 2659 674 2728 πόλιν
702 2660 759 2726 καί
775 2659 947 2746 ἀπεπήδων
970 2659 1015 2736 τός
1033 2663 1072 2749 τῇ
1091 2661 1269 2746 ὑπηγορευ-

188 2762 266 2848 μένη
284 2762 395 2848 γραφῇ
414 2757 461 2825 ἔτι
480 2761 663 2846 ἐγκειμένων
690 2763 892 2847 δπιληψίμων
915 2757 1067 2849 ῥημάτων
1086 2762 1195 2842 τινων,
1214 2756 1297 2827 scic

255 2930 283 2984 8.
299 2943 368 2998 παρ.
389 2919 490 2999 οἷσπερ
507 2929 666 3001 ἐφθέγξατο
683 2931 714 2983 Δ.
805 2931 845 2987 ιδ.
863 2928 1029 2994 νικήσαντες
1043 2929 1075 2981 Δ.
1158 2943 1204 2981 no.
1221 2943 1271 2982 κα-

255 2991 293 3053 τιλ
311 3002 525 3072 συμφωνοῦντα
539 2999 571 3052 Α.
658 3003 703 3057 23.
719 2998 950 3074 τίπαγσρευδείση
967 3000 1068 3071 γραφῇ
1086 2999 1137 3051 καλ
1152 2997 1196 3052 ἔτι
1206 2998 1238 3050 Δ.

189 3151 319 3215 sentiret,
337 3167 366 3203 se
384 3152 468 3203 iustus
486 3167 587 3220 poenas
605 3151 641 3203 de
666 3167 699 3204 eo
720 3159 909 3221 sumpturum,
927 3151 977 3222 qni
996 3149 1193 3204 contumeliose
1210 3166 1271 3203 ver-

189 3221 224 3273 bn
242 3223 272 3273 in
290 3231 401 3274 unctum
420 3221 524 3274 domini
542 3224 675 3289 effutiret;
695 3230 759 3286 ant,
779 3223 802 3275 si
821 3223 1015 3276 condemnatus
1032 3229 1105 3272 esset
1123 3221 1201 3291 qnasi
1219 3222 1271 3274 ati-
1362 3285 1365 3294 Ι

189 3310 234 3344 um
251 3309 333 3362 quarn
342 3292 490 3345 Christiani
508 3291 590 3344 deum
606 3292 717 3355 coleret,
728 3293 873 3346 veritntesn
889 3294 961 3345 selle
979 3291 1093 3355 discere,
1110 3299 1140 3343 et
1157 3292 1270 3358 gratian

188 3365 215 3415 ei
233 3380 289 3415 non
306 3380 416 3432 pervum
434 3363 607 3427 habiturum,
627 3365 677 3432 qui
695 3363 749 3414 sibi
768 3381 885 3416 errorem
906 3363 1064 3414 extorsisset
1082 3370 1111 3414 et
1128 3361 1272 3416 veritatem

189 3435 358 3504 explicasset.
374 3434 456 3502 paulo
471 3442 535 3503 post
549 3434 701 3504 patriarcha
721 3435 751 3486 in
774 3436 834 3487 eins
855 3441 1029 3503 conspectum
1045 3433 1135 3496 venit,
1154 3441 1183 3485 et
1200 3449 1272 3503 quse

189 3521 232 3555 res
251 3504 410 3574 postulabat
426 3506 554 3568 locutus,
584 3505 675 3556 effecit
702 3512 733 3556 ut
755 3505 896 3556 iracundie
913 3505 1020 3574 placato
1037 3505 1142 3557 venium
1160 3503 1272 3558 habitae

188 3575 321 3627 orationis
344 3583 372 3626 et
401 3573 568 3626 defendendi
596 3575 639 3626 sui
660 3581 825 3644 potestatem
842 3575 1078 3628 Thessalonicensi
1096 3575 1188 3639 daret,
1210 3591 1272 3630 curn

188 3643 240 3697 hac
256 3653 349 3698 temen
366 3647 559 3715 castigatione,
586 3655 712 3715 oportere
729 3663 809 3710 eum,
834 3655 866 3699 ut
880 3647 968 3698 virum
984 3647 1150 3716 sapientem,
1168 3645 1204 3698 nb
1220 3647 1272 3698 ob·

188 3717 340 3768 scoenitnte
357 3716 502 3769 verborum
525 3715 578 3768 sibi
600 3725 770 3786 temperare,
790 3732 842 3768 nec
869 3719 975 3769 effutire
992 3726 1093 3770 temere
1112 3734 1183 3787 quae
1199 3717 1273 3768 nihil

188 3783 225 3836 ad
243 3803 301 3838 rem
316 3787 492 3857 pertinerent.
510 3795 605 3855 postea
625 3805 686 3840 cum
704 3787 835 3857 scriptum
852 3788 886 3840 de
904 3805 937 3839 eo
957 3787 1081 3858 dogmate
1098 3788 1210 3858 publice
1228 3804 1273 3839 re-

187 3857 335 3921 citaretur,
359 3866 387 3910 et
405 3857 440 3909 ab
467 3858 593 3910 ornnilurs
613 3867 645 3910 ut
661 3860 707 3927 pie
735 3859 898 3928 explicatum
916 3860 1087 3924 laudaretur,
1104 3875 1134 3910 se
1152 3860 1273 3910 libenter

187 3927 387 3998 subscripturos
411 3927 621 3998 pollicentibus,
648 3929 792 3980 consilium
810 3937 853 3981 est
879 3929 1027 3984 dimissum.
1047 3947 1079 3981 ac
1096 3929 1139 3980 illi
1157 3929 1274 3982 ebibant

188 3995 268 4062 laeti,
298 3999 374 4068 quod
392 3997 580 4051 adversatione
611 4015 660 4052 stre
679 4000 869 4068 imperatorem
885 4001 1030 4056 vicissent:
1048 4003 1072 4052 is
1088 4017 1152 4053 vero
1169 3998 1273 4068 gentle·

187 4067 253 4132 bat,
280 4069 356 4138 quod
383 4086 428 4121 eos
447 4070 482 4122 nd
508 4087 583 4121 suam
608 4071 776 4122 voluntatem
797 4071 937 4137 flexisset,
966 4089 1000 4123 ac
1025 4070 1119 4140 paucio
1136 4070 1226 4123 verbis
1241 4068 1273 4121 id

187 4147 351 4192 consecutus
368 4149 440 4192 esset
459 4139 533 4210 quod
550 4147 630 4194 antea
648 4140 764 4194 verboso
782 4141 882 4212 scripto
899 4142 1045 4212 impetrare
1063 4158 1120 4193 non
1129 4137 1271 4209 potuisset

187 4209 322 4279 postridie
340 4211 486 4268 concilium
502 4212 588 4285 prims
609 4213 668 4267 luce
688 4214 765 4268 iussu
781 4214 952 4288 imperatoris
965 4214 996 4268 in
1006 4209 1174 4287 patriarchae
1195 4207 1272 4264 nedi-
