3017 4892
275 257 328 342 80
595 278 768 344 arcuna
802 273 1036 341 οιιοιιιιτιε

191 449 222 501 i.
233 449 265 502 ta
276 435 470 522 φιλοδωρίας
506 434 700 497 συνέστειλεν
720 429 867 514 ἔκροιαν,
898 429 949 491 ἵνα
982 429 1026 509 μή
1048 428 1167 514 λέχοιμι
1192 417 1234 497 ὥς
1256 421 1300 495 τίς
1320 418 1354 484 τὸ

271 536 448 618 παλίρροιιν
463 527 559 616 αύτὴν
576 526 722 614 ἐβιάσατο
738 525 855 593 ratris
872 524 1055 607 δνοδασμδν
1073 522 1158 589 ἐστιν
1170 517 1219 585 ὅτι
1234 519 1288 584 καί
1301 521 1354 604 ἐφ’

272 629 529 712 οίςέδιιιαιλοσεν,
542 623 600 694 ούιι
617 631 652 694 iu
664 630 721 694 τοῦ
740 631 897 710 χνοομιιιοῦ
915 628 944 690 δ’
965 621 1053 706 οἶμαι
1074 623 1225 688 τοσούτον
1250 621 1353 685 αι’τίοιι

239 757 249 774 ·
274 733 352 817 (χρὴ
372 729 432 814 γάρ
455 732 489 796 ἐν
507 737 571 804 τοῖς
591 724 721 812 ἇδὴλοις
740 726 847 812 ῥέπειν
865 723 946 809 πρὸς
967 722 1002 787 τὸ
1024 722 1262 809 φιλάνθρωπον)
1282 713 1355 784 δσον

272 833 309 896 έκ
328 834 387 894 τού
405 827 450 912 μη
471 827 603 911 κοτύλης
618 829 744 892 δεῖσθαι
758 821 934 909 ψηγμάτων
952 817 1023 888 ἀλλ’
1036 815 1182 905 ἄντικρύς
1201 817 1383 901 azabenos

277 931 475 1015 Τυρσηνιιιού
506 922 546 1002 ἃς
575 920 641 1009 εἶχε
676 921 845 1010 διιορύιος
873 917 999 1002 έξύδονς
1030 924 1092 988 τοῖν
1112 921 1277 1000 δαπανόν,
1312 917 1356 993 ὥς

274 1027 384 1116 προϊὸν
404 1025 538 1110 δηλούσει
557 1025 592 1090 τὸ
615 1027 715 1108 λέγειν
734 1047 799 1106 μοι.
851 1079 877 1117 N

200 1141 262 1210 itta
356 1129 384 1209 d.
426 1127 509 1192 Ἀλλ’
530 1119 614 1189 orlaa
642 1125 919 1212 διακοβερνιομένιρ
939 1122 998 1206 τὴν
1015 1125 1179 1204 βασιλείαν
1198 1121 1242 1206 τῷ
1260 1118 1355 1182 αύτο·

274 1222 406 1310 προέτορι
436 1226 529 1310 νέφος
557 1227 713 1304 πολεμίοιν
733 1225 778 1288 ,δτι
799 1226 861 1287 τῶν
885 1218 1039 1306 ἑσπερίων
1056 1218 1229 1284 ε’πισοοτάν
1243 1213 1355 1297 κλιμά-

274 1349 345 1406 των,
366 1321 507 1408 τετριγδς
528 1320 631 1387 δεινὸν
644 1323 699 1386 καί
718 1321 876 1408 ὀλέθρων,
898 1323 930 1398 ές
948 1320 987 1386 τοὶ
1002 1317 1170 1399 Ῥωμαίων
1187 1320 1357 1399 ἐνέσκηψεν
1369 1341 1404 1381 ιο

274 1419 372 1506 δρια,
388 1421 408 1504 ἦ
426 1423 489 1485 τῶν
509 1423 693 1501 Ἀλσμανοῖν
722 1419 808 1506 φημί
831 1425 950 1505 ια’νησις
969 1417 1026 1484 καί
1044 1415 1065 1502 ἦ
1086 1417 1208 1491 τούτοις
1225 1412 1339 1491 σννεξ’

275 1545 361 1605 ρασα
380 1528 477 1602 μοῖρα
506 1519 663 1602 ὁμογενῶν
685 1518 814 1595 εἰιείνοις
843 1515 958 1606 ἑτέρων
989 1519 1109 1585 έθνοῖν·
1149 1511 1198 1590 οἷς
1217 1513 1271 1579 καί
1294 1509 1357 1597 θη’-

276 1627 360 1684 λειαι
389 1622 586 1702 κατελέγοντο
615 1614 659 1692 ὥς
683 1609 814 1703 ἄρρενες
834 1617 1075 1705 έφιππύζοιισαι
1102 1614 1159 1680 καί
1180 1621 1251 1690 τοιῖς
1279 1615 1356 1697 ἐφε-

276 1721 399 1799 οτρίσιν
419 1719 459 1782 ού
490 1717 656 1801 συμβύδην
676 1714 720 1780 τού
751 1715 830 1780 πόδε
854 1719 1057 1799 διοχοιλοδσαι
1085 1712 1165 1779 ἀλλὰ
1186 1713 1359 1798 περιβάδην

278 1819 392 1902 α’νέδην
434 1816 661 1899 ἐποχούμενοι,
696 1819 752 1880 κατ’
790 1815 973 1902 κοντοφόροι
1000 1817 1056 1880 καί
1086 1809 1260 1900 δπλοφύροι
1292 1813 1407 1877 κατί5

277 1912 395 2002 ἄνδρας
415 1911 590 2000 ὅρύμεναι,
606 1915 662 1980 καί
685 1915 834 1999 ἀνδρείαν
851 1915 966 1999 στολὴν
985 1917 1219 2000 περικείμεναι,
1242 1911 1280 1976 al
1306 1911 1361 1973 καί

277 2011 359 2092 δλσις
395 2015 521 2100 α’ρεϊκὸν
552 2013 682 2097 ἔβλεπον
709 2017 765 2080 καί
790 2014 873 2099 ύπὲρ
900 2011 959 2090 τὰς
981 2011 1155 2096 Ἀμαζόνας
1175 2010 1358 2097 ἧρρένωντο.

249 2118 336 2196 Βμίοι
359 2116 468 2178 δὲκαὶ
489 2112 658 2200 ύπεξῄρετο
677 2116 751 2197 παρ’
772 2115 904 2189 ἐκείναις
933 2110 1079 2195 καθάπερ
1099 2103 1179 2194 οἵλλη
1206 2133 1253 2185 τις
1274 2113 1360 2173 Πεν·

276 2213 428 2292 θεσιλεια,
449 2203 516 2294 ἥτις
535 2213 570 2274 ἐκ
582 2213 638 2276 τού
652 2210 820 2290 στίζοντος
833 2215 959 2295 χρασού
978 2214 1035 2274 καί
1057 2211 1291 2294 περιτρέχοντας
1305 2202 1362 2277 τὰς

276 2306 341 2382 οἵας
353 2313 407 2372 καί
423 2309 463 2373 τὰ
487 2303 619 2388 λύματα
636 2311 695 2371 τού
708 2307 885 2392 έσθὴμιιτος
895 2305 1087 2390 Χροσόποος
1102 2305 1359 2391 παρωνομύζετο.
1370 2332 1410 2374 20

276 2432 353 2474 αοτο

276 2505 417 2590 κενὴριον
438 2502 492 2570 καί
518 2499 537 2588 ἦ
559 2501 639 2589 πρδς
669 2503 709 2568 τοὶ
739 2503 837 2568 εύθέα
857 2504 921 2568 τῶν
947 2507 1080 2570 οιιολιιδν
1107 2504 1163 2568 καί
1187 2501 1363 2585 ἐπιβούλων

276 2605 422 2690 παρόδιοι
450 2597 617 2684 ἓτοιμασίοι
643 2611 708 2678 τοῖς
734 2603 771 2667 εἰι
797 2606 855 2668 τού
881 2607 989 2686 γένους
1017 2605 1148 2681 ἐκείνοις
1185 2600 1267 2668 εύθύ
1300 2606 1362 2666 τοῖν

272 2701 500 2788 Ἱεροσολύμων
526 2703 692 2768 ἐθέλουσιν
724 2703 844 2770 ἵεσθαι.
901 2699 1041 2789 ἔφασκον
1077 2705 1113 2768 δὲ
1133 2707 1189 2768 aei
1202 2701 1284 2769 ιιοιτοὶ
1305 2701 1363 2785 τῂν

278 2802 385 2882 ἔξοδον
412 2804 532 2887 ἐκείνην
558 2803 657 2886 μηδὲν
685 2828 718 2867 τι
747 2801 892 2887 περιττὸν
922 2799 1150 2888 ἐπισύρεσθαι,
1175 2805 1247 2870 αλλ’
1272 2796 1293 2889 ἢ
1319 2798 1409 2871 nist

353 2987 390 3023 ra.
411 2969 532 3028 ἐκείνοις
551 2984 595 3020 om
615 2969 643 3020 Α.
717 2983 759 3024 ao.
777 2967 947 3040 ίσθήμιιτοι]
965 2966 1121 3041 ἐνδύματος
1141 2973 1171 3022 Α.

280 3141 312 3183 ut
329 3145 391 3182 aere
411 3137 501 3200 empta
511 3130 645 3198 mancipia
665 3130 814 3189 tractabat,
833 3137 861 3180 et
872 3129 1004 3196 largiendi
1018 3131 1230 3183 munificentiam
1252 3130 1362 3181 restrin—

279 3201 376 3270 gebat,
396 3217 429 3251 ac
447 3202 539 3271 potius
569 3201 598 3252 in
620 3201 783 3250 contrarium
808 3199 948 3263 reuehat,
967 3201 1000 3251 iis
1019 3203 1101 3252 etiam
1120 3201 1361 3252 distributionibus

279 3287 348 3342 quar
367 3273 425 3341 ipse
445 3271 584 3322 ordinarat
609 3269 762 3338 abrogatis,
787 3286 842 3321 non
859 3277 928 3332 tarn,
947 3279 978 3321 ut
995 3271 1132 3335 arbitror,
1154 3279 1249 3340 suapte
1267 3272 1363 3322 volun-

280 3351 337 3394 tate
355 3343 429 3413 (nam
449 3357 489 3393 rer
517 3341 616 3394 dubiae
635 3341 664 3390 in
682 3337 812 3409 optimam
830 3348 934 3408 partem
950 3342 1171 3410 interpretandae
1190 3343 1264 3413 sunt)
1282 3357 1361 3410 quain

280 3414 444 3464 necessitato
466 3419 590 3474 coaetus,
611 3411 645 3461 ad
671 3419 795 3480 sumptus
824 3411 970 3463 immensos
994 3413 1167 3478 tolerandos3
1196 3413 1224 3464 id
1243 3411 1317 3482 quod
1335 3412 1363 3462 in

281 3483 413 3534 orationis
434 3497 576 3550 progressu
595 3479 787 3532 declarabitur.

351 3553 375 3618 4.
412 3551 470 3602 lion
496 3553 604 3621 imperii
634 3560 707 3603 statu
734 3551 842 3602 hostilis
866 3550 954 3602 nubes
974 3551 1109 3604 horrenda
1127 3559 1155 3603 et
1181 3553 1312 3621 partilem
1329 3551 1363 3602 ab

281 3621 423 3674 occidente
444 3622 473 3672 in
491 3621 748 3674 lineebonranorum
765 3621 873 3690 irrupit
893 3621 929 3672 de
943 3631 1018 3674 motu
1035 3624 1246 3674 Alamannorum
1268 3623 1366 3692 loquor

282 3701 311 3743 et
327 3699 500 3760 cognatarum
530 3693 569 3742 eis
587 3693 722 3759 gentium
740 3695 814 3743 iuter
831 3708 900 3761 quos
919 3700 948 3743 et
964 3694 1092 3745 mulieres
1112 3703 1208 3756 erant,
1228 3708 1283 3745 non
1300 3709 1365 3744 eon·

282 3764 383 3813 iunctis
402 3759 519 3830 pedibus
542 3761 594 3812 ted
617 3762 735 3814 virorum
761 3764 849 3812 instar
874 3761 969 3814 divisis
985 3779 1066 3832 super
1086 3764 1178 3831 palliis
1195 3766 1366 3834 equitantes,

283 3833 405 3886 barbatae
424 3839 451 3883 at
472 3847 507 3882 ue
524 3839 651 3895 armatae,
669 3849 700 3884 ac
716 3833 790 3884 virili
806 3831 903 3884 babitu
923 3843 1043 3895 omatae‚
1061 3834 1159 3885 Martio
1181 3836 1268 3896 vultu,
1287 3836 1367 3884 λιιι-

283 3903 397 3956 zonibus
415 3847 581 3953 audaciores.
602 3901 673 3955 inter
691 3919 758 3972 quaa
776 3919 831 3954 una
857 3903 1004 3966 excelluit,
1022 3904 1100 3972 quasi
1119 3905 1206 3956 altera
1226 3903 1367 3956 Penthesi-

284 3974 345 4036 lea,
370 3987 441 4042 quae
464 3971 500 4024 ob
532 3971 640 4040 fastigia
659 3981 687 4025 et
703 3974 819 4026 limbum
835 3973 952 4025 vestium
975 3989 1041 4024 auro
1059 3975 1235 4028 intertextum
1252 3975 1367 4042 doripes

282 4041 439 4094 vocabatur.
468 4043 651 4113 expeditionis
680 4060 761 4096 carisa
781 4043 1012 4112 praetendebatur
1028 4043 1195 4097 dominicum
1213 4045 1367 4113 sepulcrum

285 4121 314 4165 et
331 4115 504 4182 praeparatio
531 4115 591 4166 viae
609 4121 698 4165 rectam
717 4121 745 4166 et
762 4129 818 4164 non
836 4113 984 4165 insidiosae
1000 4115 1179 4182 popularibus
1196 4114 1252 4166 suis
1271 4115 1368 4163 lliero-

285 4184 387 4252 solyma
415 4185 572 4239 ascensuris.
602 4199 692 4255 neque
721 4199 750 4236 re
770 4183 917 4255 quicquain
937 4199 1132 4254 supervacuum
1150 4183 1300 4247 advehere,
1318 4183 1367 4235 sed
