3017 4892
294 343 350 404 un
375 333 523 401 ιιιιιιο
553 331 702 398 rssscu
735 335 884 400 luenti
906 337 969 402 ιιι.
1000 341 1076 402 ιιιι.
1097 341 1152 402 ιιι.
1202 309 1288 396 685

206 493 341 575 ἦθίτονν
359 487 417 570 τὴν
441 483 583 568 ἔγερσιν,
608 479 747 568 ἔφασκον
772 487 898 569 (εἰδεῖεν
925 488 955 549 δ’
980 483 1021 552 άν
1048 485 1147 574 ὅπως)
1180 489 1290 562 ἐκεῖνος

205 588 352 656 ἐσεῖσθαι
371 587 456 671 ἡμᾶς
477 582 556 665 μετά
577 583 634 666 τήν
654 580 825 656 ἀνάστασιν
858 586 930 672 ἀφῇ
960 608 995 652 τε
1021 591 1076 652 κατ’
1096 587 1206 672 ὁράσει
1237 592 1291 652 κατ’

206 689 349 772 σχήματι
370 685 557 769 ἀνθρωπείῳ
578 685 732 765 μηδαμῶς
753 683 1009 768 ἀποπίπτοντας,1
1024 682 1104 751 ἀλλά
1131 685 1211 752 κατά
1233 685 1290 764 τάς

206 782 396 867 ἀσωμάτους
415 780 507 856 σκιάς
527 783 711 862 ἀίσσοντας,
740 783 795 848 καί
813 779 871 866 τάν
901 781 951 849 διά
983 787 1046 852 τιόν
1070 787 1290 865 κεκλεισμένων

176 887 317 968 5θνριόν
338 885 513 953 sicil-suom
533 884 592 944 τοῦ
610 879 737 962 Κυράνα
756 879 801 965 μὴ
828 883 943 962 θαῦμα
969 885 1182 969 ἰσχυριζοντες
1209 877 1290 956 εἶναι

204 984 287 1049 ἀλλά
305 1007 337 1048 τι
356 982 519 1065 προσφυὲς
537 981 592 1044 καί
605 976 807 1065 ἀφάρμοστον
826 991 893 1056 τοῖς
915 983 1135 1063 ἀνισταμένους
1165 984 1200 1048 ἐκ
1227 985 1290 1056 τοῖν

203 1086 331 1166 νεκρῶν.
373 1083 513 1147 τοιοῦτον
531 1082 591 1158 μὲν
610 1082 645 1144 ἐν
663 1088 730 1156 τοῖς
749 1089 919 1166 γραφεῖσιν
946 1081 1004 1146 osis
1024 1079 1110 1146 ἔστιν
1131 1075 1209 1156 όλοις
1234 1081 1289 1144 εό-

203 1190 272 1264 ρεῑν
294 1182 407 1260 oridia,
426 1175 627 1260 καταδρομήν
646 1179 683 1245 δέ
703 1202 772 1247 τινα
794 1172 911 1262 ἀναιδῆ
938 1179 993 1248 καὶ
1013 1175 1215 1262 ἀμάρτυρον,
1245 1175 1317 1254 oisc

204 1272 260 1346 σόα
282 1279 436 1363 λεγόντων
454 1279 488 1357 ἐξ
510 1277 610 1360 αάτῆς
628 1269 769 1355 ἓνάσεοος
792 1281 849 1344 καί
874 1284 1035 1354 κοινωνίας
1065 1277 1287 1363 ἤφθαρτιόιθαι

150 1378 256 1450 τοτόν
275 1374 426 1464 κυριακὸν
444 1370 613 1462 άνθροοπσν
635 1379 690 1446 καὶ
708 1378 910 1462 ἀναλυθῆναι
926 1379 972 1452 εἰς
992 1375 1138 1460 θεότητος
1159 1375 1217 1442 καί
1230 1377 1285 1444 διά
1364 1371 1370 1389 “

200 1481 297 1546 τοότο
317 1479 506 1564 φρονοῦντες
524 1474 581 1541 κατ’
600 1474 638 1541 τό
660 1472 979 1559 μεταλαμβανόμενον
999 1470 1172 1564 ἄφθαρτον.

278 1576 312 1662 d.
345 1571 386 1644 Ὅ
402 1600 439 1660 με
452 1575 518 1660 μὴν
537 1575 688 1659 βασιλεὺς
706 1579 745 1663 τῇ
764 1579 919 1661 κρείττονι
939 1579 1123 1661 προστεθεὶς
1138 1576 1210 1663 δόξῃ
1224 1602 1285 1642 πα·

197 1679 381 1762 ραγίγονεν,
405 1676 450 1750 σός
473 1673 574 1760 ἔφην,
593 1677 628 1752 ἀς
646 1675 686 1740 τά
711 1672 888 1759 Κόψελλα,
914 1680 971 1742 καί
990 1673 1024 1742 τό
1049 1681 1286 1762 συναθροισθὲν

198 1779 301 1843 ἐκεῖσε
318 1774 523 1860 παρειληφώς
542 1773 724 1858 στράτευμα
748 1768 869 1842 άνεισιν
893 1780 940 1852 εἰς
960 1777 1162 1860 Ὀρεστιάόα·
1204 1772 1284 1842 ἔνθα

153 1879 255 1948 15καί
272 1877 400 1950 πλείους
420 1872 543 1958 ἡμέρας
570 1873 778 1958 ἀνδιατρίψας
805 1875 969 1963 ἀμηχανίᾳ
999 1875 1205 1959 συνειληπτο,
1228 1875 1283 1939 τόν

196 1975 256 2055 μὲν
285 1970 468 2057 ἀποστάτην
502 1971 588 2056 όροῖν
616 1972 890 2057 δυσμαχώτατον,
922 1977 959 2041 τό
991 1977 1028 2041 δὲ
1065 1973 1163 2040 συνὸν
1196 1973 1282 2061 αὐτῷ

197 2071 383 2155 στράτευμα
403 2070 573 2148 ἀντιθέτοις
593 2067 667 2154 ἕχον
687 2076 743 2144 καί
761 2071 841 2159 πρός
852 2074 953 2159 μόνην
967 2075 1135 2158 ἔκθνῆσκον
1148 2073 1205 2158 τὴν
1222 2078 1317 2142 sciri)

195 2171 357 2251 ssciepu'ssu
372 2167 536 2256 όνῆχησιν.
575 2179 642 2246 τοῖς
659 2173 696 2236 di
713 2177 839 2248 πολλοῖς
857 2177 914 2240 καί
932 2166 1033 2254 όνομα
1049 2170 1283 2256 χλευαζόμενον

194 2269 216 2354 ἧ
236 2269 398 2351 βασιλεως
417 2273 537 2336 batto
555 2270 749 2355 ἀνελογιζιτο
771 2265 895 2359 ἀφιξις,
919 2277 975 2340 καί
992 2274 1092 2358 pendis
1119 2297 1151 2338 ss
1177 2275 1281 2357 μηδα-

146 2371 265 2452 ,ομάς
283 2367 425 2454 χρηστόν
455 2370 650 2454 κατορθοῦν,
681 2369 738 2436 καί
764 2369 817 2438 τόν
841 2369 1005 2458 βάρβαρον
1027 2373 1148 2455 μᾶλλον
1175 2375 1208 2436 ἑν
1238 2375 1282 2460 τῷ

196 2465 446 2537 ἀποστέλλεσθαι
464 2473 738 2556 προσεπαίρεσθαι
761 2463 807 2547 εἰς
834 2472 1029 2558 θρασύτητα,
1072 2467 1142 2538 ddi
1163 2471 1195 2536 τό
1219 2473 1280 2536 τῶν
1360 2464 1363 2473 ’

267 2636 306 2673 ιι.
325 2634 360 2672 an
376 2617 584 2694 pporau‘nnr?
658 2623 696 2693 ιλ.
711 2615 887 2698 Ὀρεστιάόα]
906 2621 1133 2693 ἀόριιινοάπολιν
1146 2621 1175 2672 Β.

193 2737 349 2808 secordiam
366 2751 397 2792 νε
415 2740 589 2794 coniunxisse
605 2741 766 2794 tacerentur.
786 2759 849 2796 nam
869 2742 1005 2812 baptisma
1023 2757 1072 2812 pro
1097 2741 1279 2794 similitudine

193 2811 289 2864 mortis
306 2810 407 2878 (lbtisti
425 2812 567 2882 sepultura
586 2820 629 2864 est
646 2821 675 2865 et
692 2813 814 2866 emersio.
836 2815 993 2884 quicunque
1011 2813 1083 2864 enim
1101 2813 1129 2864 iu
1143 2811 1279 2863 Christum

193 2879 329 2952 baptizati
349 2899 458 2946 sumus,
475 2881 613 2935 Christum
631 2882 789 2947 induimus,
816 2894 845 2936 et
867 2885 897 2936 in
921 2892 1035 2937 mortem
1061 2882 1119 2932 eius
1147 2880 1279 2949 baptizati

193 2969 306 3015 snmus,
323 2960 352 3004 et
370 2951 524 3006 divinorum
542 2954 732 3021 mysteriorum
750 2955 873 3006 efficacia
894 2952 1007 3023 perdel
1036 2950 1224 3003 adorationem
1251 2962 1281 3004 ct

193 3022 394 3076 invocationem
416 3031 445 3076 st
462 3025 565 3092 gratias
583 3023 712 3079 coelestis
737 3024 898 3078 descensum
924 3023 1071 3092 perficitur.
1097 3037 1168 3142 quae
1195 3029 1223 3074 et
1249 3023 1279 3075 id

193 3109 278 3162 genus
298 3092 353 3144 alia
371 3094 559 3162 improborum
577 3093 719 3147 hominum
737 3094 821 3146 verbe
833 3103 865 3146 ut
882 3095 966 3164 impia
986 3101 1015 3145 et
1031 3093 1102 3144 inuti
1117 3092 1142 3142 ia
1159 3100 1279 3160 praeter-

193 3163 326 3214 misimus.
353 3179 415 3214 nam
433 3165 512 3233 quasi
537 3164 620 3216 etiam
649 3180 792 3234 corporum
816 3165 1050 3218 resuscitationem
1076 3162 1279 3230 improbarent,

194 3232 341 3286 dicebants
359 3233 414 3304 ipsi
429 3232 550 3286 viderint
567 3233 703 3304 quomodo
720 3251 771 3287 nos
789 3243 851 3305 post
865 3235 1087 3289 resurrectionem
1105 3232 1181 3284 nullo
1198 3234 1280 3286 modo

193 3301 246 3355 sub
266 3310 368 3355 tactum
388 3311 527 3374 aspectum
552 3313 582 3356 et
606 3306 720 3372 liguram
745 3305 890 3358 humanam
915 3321 1023 3360 casuros
1056 3301 1207 3365 affirment,
1230 3303 1281 3356 aed

194 3379 227 3424 ut
243 3372 273 3424 in
290 3389 433 3442 corporeas
450 3374 559 3426 umbras
575 3375 719 3427 solaturos,
739 3384 767 3428 et
786 3375 886 3429 Christi
905 3393 954 3447 per
972 3377 1090 3427 clausam
1109 3375 1216 3426 ianuam
1237 3375 1280 3427 in-

192 3459 315 3566 pressum
335 3460 392 3495 non
410 3445 586 3507 miraculum,
604 3444 653 3496 ssd
669 3445 778 3514 aliquid
794 3455 936 3516 cognatum
958 3455 986 3498 et
1003 3455 1095 3516 aptum
1116 3445 1280 3512 resurgenti-

215 3531 246 3564 us
265 3531 300 3566 ex
316 3515 431 3566 mortuis
449 3531 508 3566 esse
525 3515 690 3568 asserebant.
711 3531 743 3568 ac
759 3517 815 3568 tale
833 3517 903 3570 nibil
924 3534 1035 3586 prorsus
1053 3515 1082 3566 in
1103 3515 1211 3584 scriptis
1236 3533 1279 3568 rs-

192 3584 311 3653 peritur,
328 3583 379 3636 sed
396 3587 543 3654 exagitatio
563 3586 706 3656 impudens
725 3594 756 3640 et
772 3588 856 3640 nullis
872 3588 935 3640 nixa
957 3588 1088 3648 testibus,
1107 3587 1184 3670 quasi
1203 3585 1279 3638 dice„

193 3663 257 3706 rent
270 3671 304 3706 ex
324 3655 383 3723 ipsa
402 3657 503 3716 unione
520 3664 550 3710 ct
566 3659 756 3710 communione
777 3659 943 3710 dominicum
961 3659 1098 3711 hominnm
1115 3659 1280 3728 incorrupti-

194 3723 280 3778 bilem
297 3742 356 3778 esse
378 3725 499 3790 iactum,
519 3736 717 3799 proptereaque
737 3729 872 3782 sentirent
889 3728 922 3782 id'
935 3730 1018 3782 stiam
1036 3727 1110 3800 quod
1124 3729 1279 3798 percipere-

193 3803 240 3848 tur
261 3812 321 3849 sssc
338 3796 555 3867 incorruptibile.

264 3870 289 3937 λ.
325 3867 467 3921 Caeterum
494 3870 641 3939 inperator
667 3869 775 3922 meliori
803 3885 928 3924 assensus
958 3869 1043 3941 parti,
1074 3870 1215 3940 Cypselis,
1246 3877 1279 3922 ut

194 3935 261 4000 dixi,
278 3938 425 4008 proiectus,
442 3949 471 3992 ct
488 3951 649 4010 congregato
667 3942 707 3992 ibi
725 3943 844 3993 exercitu
860 3952 1005 4011 assumpto,
1022 3940 1193 3995 Orestiudcm
1212 3956 1279 3992 con-

193 4006 304 4074 tendit,
324 4009 422 4081 ibique
441 4013 593 4081 complures
615 4011 674 4064 dies
694 4022 872 4065 commoratus
896 4015 974 4083 inops
993 4012 1101 4064 consilii
1125 4019 1191 4064 erat.
1216 4027 1279 4062 nam

193 4077 360 4132 desertorem
389 4090 547 4151 oppugnatu
574 4082 764 4136 difficillimum
792 4100 867 4149 esse,
901 4084 1049 4137 exercitum
1077 4099 1156 4135 suum
1182 4081 1278 4132 timore

192 4151 347 4219 perculsum
365 4151 461 4204 audita
478 4153 608 4206 duntaxat
625 4171 691 4205 voce
711 4153 830 4207 hostiurn
850 4156 947 4219 omori3
979 4153 1148 4224 imperatoris
1177 4149 1278 4202 adveu-

193 4229 252 4275 tum
269 4223 350 4293 vulgo
368 4223 514 4279 ridiculum
530 4224 635 4290 baberi,
656 4242 756 4280 nomen
774 4225 833 4279 sinc
851 4225 914 4280 ullis
932 4223 1110 4288 successibus,
1126 4231 1153 4276 et
1168 4219 1278 4274 barbari
