3017 4892
429 275 635 344 rammat
675 278 906 349 commus.
1189 287 1217 369 9

133 426 343 510 είσηγοόμενα
362 421 408 507 μή
431 419 472 489 όν
489 423 549 509 την
568 427 691 510 αἴτησιν
718 428 818 512 αὐτῆς
838 432 1108 514 παραβλέψασδαι
1127 435 1220 518 ι’σχυ-

132 526 250 612 (νίζετο.
306 525 408 589 ε’νίοεε
440 524 478 588 δὲ
505 525 561 588 eni
578 528 716 591 τοιοῦτόν
740 551 772 591 τι
792 527 1012 612 παδηυοίμενος
1030 528 1152 616 εἴρηκεν
1171 527 1221 614 „oi

133 626 255 708 μόναι,
273 623 399 686 noemi
419 645 477 704 μοι
503 627 613 706 λόχους
634 629 690 690 καί
709 629 892 709 βασιλείας,
915 632 956 691 od
973 629 1012 694 τό
1032 629 1108 713 πρός
1123 629 1221 714 χόριν

134 721 249 808 τισόση
281 727 330 806 τῆς
353 723 414 804 σῆς
433 722 644 808 δαστιθεμὲνη
662 745 717 806 μοι
743 722 917 810 θυγατρός,
947 726 1149 812 ἅρμονίαντε
1167 733 1223 795 καί

107 821 231 903 5τιόξιν
249 823 452 906 ἐπιχειροῦσα
475 817 562 886 λόειν
581 820 757 907 ε’παινετὴν,
780 821 823 903 τός
841 823 928 910 εἴπερ
941 827 1147 911 θεοβλαβείας
1165 853 1221 911 με·

134 926 311 1006 τέσχηιιαςς
337 919 431 1003 βάλλ’
464 922 498 996 ἐς
525 921 627 1006 τύχην
655 917 797 1008 ἀγαθήν·
838 921 863 1009 ἢ
885 931 1004 1006 μᾶλλον
1022 929 1118 1014 δεόρο
1132 918 1223 1015 κοινῇ

134 1019 462 1100 σσνόεασκεψοόμεθα,
485 1021 540 1084 καί
555 1013 741 1103 γνωσόμεθα
762 1020 810 1098 τίς
827 1027 862 1103 ἐξ
883 1021 1029 1092 ἁπάντων
1039 1030 1102 1093 τεόν
1114 1024 1221 1112 ιιριόην

135 1119 179 1186 τό
198 1121 367 1200 Ῥωμαίων
387 1122 528 1205 σκῆπτρα
549 1123 797 1208 παρειληφότων,
819 1121 891 1191 υἱόν
903 1123 987 1208 ἔχων
1005 1123 1157 1212 ἁρμόδιον
1176 1129 1222 1203 εἰς

137 1219 261 1303 ἀρχήν,
284 1221 400 1283 τοῦτον
416 1223 477 1301 μὲν
495 1223 736 1306 παρεβλέψατο,
764 1223 907 1306 γαμβρόν
930 1227 966 1289 δὲ
987 1225 1169 1307 dederisne,-
1193 1231 1225 1292 εί

96 1344 130 1385 ιο
140 1322 178 1384 δέ
196 1343 270 1384 ποτε
298 1324 355 1384 καί
380 1319 501 1384 τοιόνδε
529 1343 560 1385 τι
581 1323 791 1405 ξυμβέβηκεν,
827 1317 867 1388 od
899 1323 997 1406 νόμον
1023 1317 1162 1409 (όγόναι
1182 1326 1218 1391 τό

138 1416 270 1484 σπάνιον
288 1417 480 1504 ἡγησόμεθα.
522 1420 570 1482 ἐπ’
588 1422 660 1502 ἐμοὶ
680 1424 715 1485 δὲ
740 1421 797 1486 καί
812 1420 900 1504 μάλα
919 1424 1061 1508 καπυρόν
1078 1423 1218 1508 ysidorus
1227 1433 1278 1488 P.5

137 1518 174 1584 τό
195 1516 437 1602 Πανρσόμαιον,
456 1516 589 1583 καί-τεόν
610 1522 733 1604 φρενῶν
750 1521 894 1606 κριθείην
912 1522 1091 1606 ainonensis,
1115 1529 1147 1590 εἰ
1162 1522 1220 1610 τῆν

137 1620 302 1700 βασιλειαν
320 1617 379 1681 onix
396 1620 565 1693 ἐπαινετῶς
591 1618 728 1705 εἰληφώς
755 1619 822 1685 ἀλλ’
841 1624 973 1704 αἴμασιν
991 1617 1148 1706 ὁμογενῶν
1166 1626 1223 1689 καί

137 1719 289 1796 μεθόδους
308 1722 545 1802 Χριστιανικσῖν
572 1719 800 1804 ἀφισταμένοις
835 1726 982 1805 θεσμῶν,
1003 1726 1121 1806 δεῆσαν
1142 1726 1221 1788 ταό-

99 1816 193 1902 15της
213 1819 379 1904 ἀφεικέναι
400 1814 567 1898 διάδοχον,
600 1815 654 1882 τόν
671 1821 731 1898 μὲν
752 1821 786 1895 ἔξ
806 1818 927 1906 όσφόος
948 1816 1220 1905 ἆποπεμιμαίμην,

138 1915 193 1981 τόν
210 1919 245 1980 δὲ
265 1913 445 1982 Μακεδόνα
465 1919 730 2001 εἶσοικισαίμην,“
746 1915 802 1981 τόν
811 1922 984 2003 Βρυέννισν
1004 1915 1088 1982 eiam
1111 1924 1222 2002 λέγων,

139 2015 208 2082 ε’πεό
226 2013 282 2080 καὶ
297 2018 332 2094 ἐξ
347 2012 545 2098 Ὀρεστιόδος
564 2013 709 2100 οἵρμητο·
752 2020 813 2097 μία
835 2020 865 2081 δ’
887 2015 967 2102 αὕτη
988 2021 1052 2081 τεόν
1069 2017 1223 2099 εόδαιμό·

139 2141 199 2180 νων
218 2115 273 2180 καί
292 2118 468 2202 κρατίστων
486 2113 570 2198 παρὰ
591 2112 779 2180 Μακεδόσιν
799 2113 929 2184 πόλεων.
984 2119 1119 2182 τοιαῦτα
1141 2116 1222 2202 πρός

137 2212 194 2299 την
215 2217 407 2296 (instituens
428 2214 564 2300 Εἰρήνην
578 2217 740 2300 ἐμβριθεῖς
761 2213 780 2278 o‘
800 2214 938 2295 Ἀλέξιος
957 2211 1110 2302 φόμενσς,
1134 2214 1222 2297 όμισς

96 2319 190 2380 ποιαί
221 2314 319 2380 πόλιν
337 2313 396 2380 τόν
420 2316 575 2398 μηδαμῶς
595 2315 768 2380 αἰιειαόντα
789 2315 1039 2400 ὑποκρινόμενος,
1059 2318 1147 2399 διῆγε
1162 2314 1222 2402 τήν

135 2424 269 2498 ηυναῖιια
306 2413 519 2512 σκηπτόμενος
558 2415 609 2479 αἐί
635 2414 691 2480 τόν
720 2411 946 2495 σκεπτόμενον·
1007 2409 1047 2498 ἦν
1072 2413 1157 2500 γάρ,
1191 2417 1223 2480 εἰ
1227 2429 1248 2479 Β

135 2517 194 2578 καί
220 2538 269 2590 τις
301 2507 417 2596 ἄλλος,
444 2517 618 2598 κρυψίνους
644 2514 660 2579 δ
694 2513 773 2599 όνὴρ
806 2506 915 2597 οὗτος,
934 2517 990 2579 καί
1008 2512 1108 2602 σοφόν
1127 2515 1220 2598 ἡγοό-

135 2635 227 2694 μενος
261 2612 318 2678 σῖεό
348 2608 384 2678 τό
412 2617 592 2698 περίεργον,
621 2617 704 2698 μηδὲ
732 2612 773 2681 τό
802 2613 901 2680 πολλοὶ
928 2611 1138 2699 ἐξαμχελτικός
1163 2617 1223 2679 τοῦ

136 2717 282 2798 ποιητέου
316 2712 527 2794 δακνόμενος.
575 2713 750 2797 ἐγγίζοντος
775 2717 812 2780 di
847 2712 878 2779 ot
903 2718 963 2778 τοῧ
994 2718 1149 2800 τέρματος
1168 2717 1222 2797 τῆς

94 2811 218 2898 τὸζαῆς
256 2811 276 2876 ό
316 2811 376 2894 μὲν
409 2808 509 2876 ἔκειτο
538 2817 639 2880 πνόων
674 2811 714 2880 τό
746 2816 875 2880 λοίσθια
907 2814 941 2878 ἐν
964 2821 1028 2887 τοῖς
1055 2809 1135 2876 κατό
1164 2809 1222 2894 τὴν

138 3005 196 3038 me
212 2987 268 3040 sibi
285 3002 342 3038 uon
360 2985 453 3054 potuit
472 2987 614 3054 quianam
632 2987 670 3039 ita
691 2987 884 3058 alloqueretur.
896 3005 931 3050 „o
948 2987 1047 3038 mulier
1063 2993 1092 3038 et
1110 2988 1174 3038 lecti
1193 2993 1222 3038 et

138 3059 243 3127 imperii
278 3059 332 3108 mei
363 3056 516 3125 particeps,
533 3075 588 3108 non
614 3057 723 3109 taudem
750 3075 782 3110 ea
805 3059 919 3110 suadere
937 3058 1005 3109 mihi
1023 3058 1130 3108 desines
1149 3073 1220 3126 quae

138 3129 210 3179 filiae
226 3137 293 3179 tuae
311 3135 386 3196 grata
407 3135 485 3189 sunt,
511 3138 539 3178 et
556 3131 647 3179 conari
666 3137 698 3180 ut
714 3129 781 3180 ordo
801 3129 978 3181 laudabiliter
994 3130 1137 3179 institutus
1161 3135 1220 3176 tur-

138 3198 238 3250 betur?
257 3199 356 3268 quodsi
375 3198 495 3249 numinis
513 3199 627 3250 alicuius
648 3201 687 3250 ira
705 3201 806 3268 percita
828 3217 870 3263 es,
888 3201 923 3250 ad
935 3215 1027 3249 sanam
1038 3199 1126 3248 redito
1144 3213 1220 3246 men-

136 3277 208 3332 tem3
228 3286 261 3320 ae
279 3271 371 3338 potius
391 3283 495 3320 mecum
513 3269 682 3322 considerato
702 3287 736 3320 au
755 3272 826 3322 ullus
843 3286 964 3339 unquam
985 3267 1220 3338 exsuperioribus

138 3341 317 3391 Romanorum
338 3338 563 3408 imperatoribus,
581 3357 639 3392 cum
655 3341 740 3392 filium
759 3343 873 3410 imperio
894 3339 1022 3389 idoneum
1039 3338 1167 3401 haberet,
1186 3355 1219 3388 eo

138 3411 260 3478 neglecto
278 3428 407 3480 generum
424 3411 592 3478 praetulerit.
612 3429 642 3463 ac
666 3422 697 3464 ut
714 3411 863 3481 aliquando
879 3411 938 3460 tale
956 3409 1093 3480 quippiam
1114 3409 1220 3461 accide-

140 3482 194 3542 rit,
212 3481 285 3550 qnod
300 3497 360 3532 raro
380 3483 481 3532 sactum
499 3491 547 3544 est,
568 3499 616 3551 pro
637 3484 696 3550 lege
717 3481 874 3532 habendum
892 3496 946 3530 non
964 3479 1028 3531 erit:
1045 3499 1060 3531 a
1079 3497 1122 3532 me
1140 3496 1220 3550 prae-

139 3551 247 3614 nestina,
265 3553 392 3622 quicum
412 3567 523 3620 regnum
540 3553 612 3604 haud
636 3553 815 3604 laudabiliter
832 3550 880 3602 sed
899 3551 1027 3602 caedibus
1045 3559 1219 3621 cognatorum

139 3623 334 3674 arationibus
353 3624 387 3674 ab
408 3623 539 3674 institutis
560 3623 775 3676 Christianorum
795 3621 891 3673 alienis
912 3638 976 3672 occu
998 3625 1081 3685 arim,
1102 3623 1155 3673 toti
1168 3625 1217 3672 Ro-

137 3709 215 3743 mano
231 3695 347 3764 irnperio
369 3695 436 3744 risui
457 3693 507 3743 sira
524 3693 630 3746 iuturus
650 3703 678 3746 et
694 3711 742 3764 pro
762 3695 859 3744 insano
877 3640 1036 3756 habendis,
1056 3693 1079 3744 si
1101 3695 1130 3744 in
1148 3691 1218 3743 deli-

137 3761 276 3816 beratione
294 3765 493 3826 successionis,
513 3779 637 3832 germano
655 3765 713 3816 filio
732 3762 890 3832 repudiato,
907 3763 1082 3816 Macedonem
1099 3765 1128 3816 in
1148 3763 1217 3813 solio

136 3834 295 3886 wiioearo.¹¹
314 3837 353 3886 sio
374 3843 466 3886 autem
484 3835 639 3903 appellabat
656 3837 818 3902 Bryennium
831 3834 973 3886 Orestiade
991 3835 1073 3887 beata
1094 3843 1122 3885 et
1139 3849 1217 3902 prae·

135 3907 300 3958 auntireima
312 3905 380 3956 urbe
392 3905 572 3957 Macedoniae
587 3905 741 3958 oriundum.
760 3906 859 3974 quibus
869 3905 958 3956 verbis
978 3921 1039 3955 cum
1057 3906 1152 3956 irenae
1169 3919 1218 3972 pe-

134 3973 257 4028 titionem
285 3977 405 4046 graviter
422 3975 579 4040 refutasset,
605 3985 696 4029 tamen
716 3975 816 4028 deinde
834 3993 894 4026 eum
918 3991 983 4045 prae
1012 3991 1041 4026 se
1059 3976 1149 4026 serens
1168 3974 1218 4058 qui

134 4043 347 4116 haudquaquam
372 4056 509 4114 negasset,
538 4047 679 4098 mutierem
697 4056 828 4115 perpetua
842 4045 1048 4097 daubei-ationis
1067 4045 1219 4097 simulatro-

132 4133 167 4167 ne
186 4117 350 4180 differebat,
382 4119 485 4186 quippe
511 4116 608 4180 homo,
630 4118 651 4169 si
670 4118 814 4187 quisquam
831 4119 915 4180 eiiam,
933 4116 1034 4167 occulti
1051 4117 1134 4169 animi
1209 4115 1219 4167 i

130 4188 292 4258 sapientiam
321 4190 353 4242 in
371 4185 570 4240 dissimulando
597 4189 712 4261 potitam
734 4196 808 4241 ratus
827 4205 888 4241 raro
909 4184 1073 4251 admodum,
1091 4155 1158 4257 quid
1171 4133 1220 4240 Ἡ·
