3017 4892
316 348 394 468 146
630 367 803 433 mcmm
835 362 1068 430 cnomlme

306 531 361 611 τῆς
383 528 415 602 ἐς
435 526 487 591 τὸν
505 525 674 608 κρατοῦντα
689 517 865 604 παρρησίας
887 540 923 580 τι
942 514 998 581 καί
1014 520 1191 602 παρουσίας
1209 514 1292 588 εἶναι
1312 545 1384 590 ται·

308 626 365 711 ρδυ
386 624 440 688 καί
458 627 570 703 ἐξεῖναι
593 616 733 706 δακτόλιρ
753 612 855 682 πάντα
866 617 1059 700 μεταφέρειν
1079 613 1134 679 καί
1150 618 1301 703 νεύματι,
1324 621 1385 686 αό-

307 726 350 810 τῷ
372 725 407 787 δὲ
426 718 506 786 κατά
536 715 651 791 τακτάς
672 711 758 800 αἴρας
776 712 833 798 τήν
852 716 886 788 ἐς
919 709 1018 778 αότόν
1041 713 1209 800 άνεηιγέναι
1229 721 1384 803 πυλαίαν,

307 821 363 884 καί
389 813 488 884 τάλλοι
521 811 581 882 ὅσα
611 819 656 901 τῷ
684 817 744 895 μὲν
773 807 977 897 Στυππειιότη
1005 814 1062 874 καί
1077 810 1174 893 μόνον
1197 819 1384 901 βουληθέντι

307 916 444 999 α’νόσιμα
473 910 527 1002 η’ν,
558 915 600 1002 τῷ
620 915 657 978 δὲ
677 907 744 976 οὔδ’
771 902 847 995 όναρ
869 907 923 974 διά
943 912 1000 974 τοῦ
1020 915 1232 995 φανταστικοῦ
1252 915 1412 1002 ipisci-5

306 1039 385 1098 μενα
422 1013 477 1080 καί
502 1011 557 1079 διά
577 1015 669 1077 τοῦτο
697 1013 754 1076 τοῦ
775 1009 896 1096 φθόνου
917 1007 1060 1091 γινόμενα
1081 1008 1306 1102 ὖπεκκαόματα
1329 1015 1386 1081 καί

306 1118 365 1190 ἕως
383 1115 440 1179 τοῦ
458 1114 601 1195 ταμιείου
621 1106 795 1192 πλήττοντα
816 1111 872 1190 τῆς
889 1109 1039 1192 καρδίας,
1062 1112 1305 1194 σκαιιορεῑκατά
1326 1115 1386 1177 rosi

305 1209 422 1296 άνδρός
441 1209 481 1276 τά
514 1207 712 1292 οἰκτρότατα.
764 1208 818 1270 καί
836 1203 938 1281 δεινός
957 1200 1003 1270 eis
1021 1209 1172 1272 καττῦσαι
1195 1208 1308 1286 δόλους
1330 1215 1386 1278 καί

307 1307 436 1395 δινρόοιν
465 1310 607 1391 εδτυχάν
635 1308 795 1389 γλῶτταν,
826 1303 938 1368 ὁποίαν
957 1294 1032 1391 όφις
1053 1304 1071 1368 ὅ
1091 1310 1232 1392 ψιθυρος
1250 1311 1309 1374 καί
1326 1311 1383 1396 α’ρ-

273 1428 298 1479 1)
305 1412 452 1493 χὲιιακος,
484 1411 574 1494 φιλίρ
607 1405 794 1468 όποκλὲπτει
822 1399 877 1468 τόν
898 1395 1016 1488 ἄνδρα,
1037 1410 1124 1494 sculpi
1143 1405 1305 1492 πράγματι
1324 1435 1382 1474 συ·
1396 1432 1434 1473 ιο

305 1505 442 1586 σκιάζων
463 1499 562 1570 άτοπα
583 1499 750 1586 διαβσόλια
771 1504 826 1567 καί
853 1502 1042 1587 δηλητηρίου
1062 1500 1184 1590 σκόφον
1200 1505 1276 1590 περὶ
1291 1511 1384 1593 χειλη

305 1600 426 1689 άγάπης
457 1607 559 1684 μέλιτι
590 1599 772 1686 περιχρίων.
824 1599 934 1681 άμίλει
961 1623 1010 1665 τοι
1030 1604 1086 1666 καί
1113 1597 1194 1668 άλλα
1214 1607 1311 1688 λέγων
1329 1611 1386 1673 κατ’

307 1699 527 1784 διανοούμενος
559 1703 666 1782 ἔτερα,
698 1697 752 1762 καί
776 1703 898 1780 χειλεσι
927 1702 987 1779 μὲν
1016 1703 1116 1782 τιμάν
1139 1707 1179 1790 τῇ
1212 1705 1248 1767 δὲ
1268 1705 1383 1792 καρδίη

306 1803 414 1884 πόρρω
436 1795 644 1881 πλαζόμενος,
673 1798 816 1879 ἐλελήθει
845 1795 900 1860 τόν
920 1801 999 1863 κατά
1018 1803 1111 1864 τοῦτο
1133 1796 1229 1881 μόνον
1248 1802 1383 1887 άρχαῖον

304 1903 360 1966 eoi
378 1895 540 1963 άνιλοϊιιόν1
558 1891 786 1979 Στοππειάτην.
835 1893 1033 1977 ἐνδιαβάλλει
1058 1901 1163 1964 τοίνυν
1197 1899 1241 1976 ὥς
1260 1911 1434 1986 μαγγα-ι5

304 1995 417 2082 υευτην
438 1997 624 2060 τοῦτονκαὶ
643 1991 850 2079 δολιόφρσνα,
881 1992 938 2057 καί
953 1992 1109 2081 γράφεται
1130 1999 1324 2082 προδοσίας,
1344 1999 1383 2064 τά

307 2094 385 2161 κατά
415 2094 558 2160 Σικελίαν
587 2096 683 2177 λέγων
712 2092 936 2177 άναταράττειν
962 2092 1144 2177 πράγματα.
1197 2096 1385 2182 άπαιτηθείς

306 2186 361 2259 οὖν
380 2191 440 2258 ὑπό
462 2196 518 2257 τοῦ
537 2192 691 2274 βασιλέως
710 2191 828 2264 πάντας
843 2191 906 2255 τάν
925 2194 1112 2275 λεγομένων,
1135 2197 1175 2282 τῇ
1187 2199 1316 2286 Κιλικιζι
1336 2193 1385 2261 ἔτι

226 2303 254 2354 v.
264 2307 298 2374 ⁵9
307 2294 553 2376 ἐνδιατρίβοντας
559 2339 569 2370 ,
601 2283 698 2353 αότόν
729 2291 789 2369 μὲν
808 2289 955 2373 ἐφίστησι
974 2290 1257 2375 παραπετάσματι,
1278 2293 1333 2358 τόν
1349 2297 1385 2359 δὲ

305 2384 524 2470 Στυππειάτην
544 2383 710 2467 α’πολαβάν
724 2381 768 2462 σός
789 2381 872 2468 ἔχων
895 2411 928 2450 τι
944 2387 1038 2467 μόνος
1059 2387 1142 2479 μόνην
1162 2394 1438 2477 nomitatim-20

306 2492 400 2568 σθαι,
423 2480 491 2569 άγει
513 2479 593 2548 ὅπου
615 2479 654 2568 ἢν
668 2486 799 2558 α’θὲατος
819 2483 1000 2566 όβασιλεός
1021 2483 1175 2572 ἓστηιιιός,
1195 2494 1251 2556 καί
1273 2491 1384 2574 λόγους

307 2580 496 2669 άνακινὴσας
516 2579 641 2667 ἑτέρους
670 2576 736 2646 εἶτα
757 2581 812 2645 καί
832 2592 897 2657 τοῖς
917 2582 998 2648 κατά
1019 2588 1165 2651 Σικελίαν
1184 2590 1296 2664 δολίως
1317 2591 1384 2654 tvi·

167 2753 174 2770 ,
227 2688 252 2740 Ρ·
264 2687 383 2767 γάβαλε
394 2733 403 2764 ,
425 2681 479 2746 καί
500 2680 607 2758 διδοάς
622 2677 718 2754 αάτός
740 2679 887 2766 α’φορμάς
907 2686 968 2744 τοῦ
980 2695 1208 2769 μεμψιμοιριῖν
1221 2685 1302 2770 μήτε
1320 2686 1384 2773 μην

375 2837 400 2888 8.
419 2831 564 2904 sossium]
588 2831 680 2902 ῥάψαι
698 2831 727 2882 λ.
813 2828 975 2900 φδικρόαν
999 2831 1137 2907 εότυχαλν]
1161 2833 1266 2894 διπλῆν
1283 2835 1385 2890 δυστυ-

375 2905 436 2973 χιῑν
454 2905 482 2954 Α.
568 2918 605 2952 ιι.
624 2899 772 2971 περιχειλιῐ
788 2903 818 2951 ll.
921 2905 958 2954 15.
984 2904 1205 2978 μαγγανευτὴν]
1230 2907 1326 2977 μάγον
1355 2909 1382 2958 Β.

381 2967 576 3095 'witzam
594 2985 649 3023 οιτι.
668 2971 697 3022 Α.
779 2973 817 3023 18.
838 2967 906 3043 ini]
925 2970 1003 3045 τιαρά
1021 2975 1052 3026 Δ.
1122 2989 1164 3028 ευ.
1183 2975 1384 3047 προοδιαλίξε-

378 3048 408 3096 o'
437 3062 448 3094 ι
488 3080 494 3093 .

308 3191 412 3261 piotam
433 3196 461 3240 et
481 3185 718 3256 propensissimam
735 3186 905 3254 imperatoris
929 3187 1095 3240 voluntatem
1117 3191 1186 3243 ferre
1203 3209 1257 3243 non
1275 3200 1384 3261 posset,

310 3263 345 3314 ecl
364 3276 444 3331 quem
461 3257 504 3308 illi
525 3272 629 3325 semper
642 3263 749 3324 pateret
765 3255 855 3306 aditus
884 3264 912 3306 et
928 3257 1103 3327 colloquendi
1120 3270 1240 3330 potestas
1257 3262 1384 3326 daretur,

309 3331 378 3383 sileo
396 3339 427 3382 ut
444 3328 530 3396 digito
550 3336 577 3378 et
592 3333 659 3377 nutu
680 3324 788 3394 quidvis
808 3326 966 3389 conficeret,
985 3345 1044 3379 cum
1063 3331 1116 3382 sibi
1134 3335 1214 3383 certis
1232 3332 1305 3384 horis
1324 3341 1383 3384 tsn-

309 3410 368 3453 tum
387 3398 515 3452 accedere
561 3395 759 3458 emitteretur,
783 3403 812 3447 et
828 3412 899 3466 quae
917 3396 1072 3466 Styppiotes
1097 3401 1155 3452 sols
1172 3403 1314 3456 voluntate
1334 3404 1385 3454 im-

310 3479 446 3539 petraret,
464 3484 496 3519 es
516 3414 568 3518 ciii
586 3482 621 3519 ne
638 3481 686 3535 per
701 3466 835 3518 somnium
852 3465 963 3535 quidem
982 3484 1090 3520 eernere
1111 3475 1296 3541 contingeret,
1314 3473 1386 3524 invi-

311 3539 357 3591 die
374 3547 516 3600 aestuans,
532 3553 602 3606 quse
620 3536 705 3605 ipsius
724 3536 808 3587 enimi
824 3537 980 3656 penetralia
1000 3539 1155 3605 insederat,
1172 3543 1252 3595 homo
1270 3543 1385 3594 callidus

312 3617 340 3660 et
359 3608 445 3660 instar
462 3607 586 3674 pestiferi
612 3607 744 3674 serpentis
772 3606 822 3657 bili
843 3623 859 3656 a
877 3607 969 3675 lingua
986 3608 1132 3662 instructus
1149 3614 1285 3666 amicitiae
1302 3615 1387 3665 simu-

311 3679 414 3732 latione
437 3678 524 3727 virum
547 3676 740 3740 circumvenit,
770 3683 798 3727 et
819 3675 912 3745 scyplsi
939 3695 1045 3732 veneno
1072 3681 1147 3749 pleni
1172 3700 1233 3736 oras
1250 3684 1387 3735 amicitiae

311 3749 394 3801 melle
410 3745 535 3814 inungit,
552 3745 628 3797 uliud
645 3746 738 3797 <licens
755 3745 832 3797 aliud
848 3748 986 3814 cogitans,
1004 3757 1031 3801 et
1051 3751 1132 3802 lobiis
1151 3752 1304 3817 honorans,
1325 3771 1388 3806 eum

312 3819 402 3871 animo
420 3826 491 3868 esset
508 3814 682 3867 alienissimo.
703 3815 745 3867 his
762 3817 916 3868 rationibus
927 3817 957 3871 St
993 3821 1095 3888 piotam
1112 3821 1163 3875 hoc
1180 3841 1233 3875 uns
1249 3825 1278 3875 in
1296 3840 1325 3874 re
1344 3824 1388 3875 io-

312 3898 420 3940 csutum
440 3895 468 3938 et
485 3884 633 3955 simplicem
661 3885 747 3950 fallit,
766 3903 883 3956 eumque
911 3903 963 3957 spu
1000 3890 1189 3960 imperatorem
1207 3903 1239 3947 ut
1256 3895 1389 3964 imposto-

314 3977 369 4010 rem
387 3969 416 4010 et
435 3955 557 4008 dolosum
580 3956 744 4019 criminatur,
764 3964 793 4008 et
809 3957 916 4009 Siculae
930 3958 1094 4028 proditionis
1113 3974 1222 4016 accuset
1246 3981 1307 4015 cum
1322 3979 1387 4015 vero

313 4031 460 4098 imperator
486 4024 574 4076 adhuc
601 4027 630 4077 in
656 4027 751 4078 Cilicis
778 4043 859 4094 egens
876 4027 1035 4080 lidemsibi
1059 4033 1119 4084 fieri
1134 4035 1303 4103 postularet,
1325 4050 1389 4085 eum

312 4099 362 4152 suls
382 4099 441 4150 velo
464 4105 535 4150 stsre
550 4095 642 4147 iubet:
667 4097 725 4166 ipse
746 4096 932 4165 Styppiotnm,
959 4106 1087 4169 tanquam
1112 4106 1203 4170 arcapi
1220 4105 1258 4154 nli
1278 4103 1326 4155 uid
1344 4103 1389 4154 ‹li-

312 4177 418 4232 cturus,
439 4183 472 4219 eo
493 4164 599 4219 seducit
629 4165 677 4216 ubi
695 4167 842 4235 imperator
860 4163 1042 4220 occulebatur.
1060 4180 1088 4224 et
1106 4175 1140 4226 ab
1157 4175 1219 4226 eliis
1239 4121 1321 4224 reisue
1341 4189 1389 4224 ex-

292 4257 388 4316 *orsus
409 4239 518 4294 taudem
535 4237 564 4292 in
578 4235 688 4289 Siciliae
704 4237 872 4290 mentionem
892 4237 1081 4296 fraudulenter
1097 4243 1248 4309 delabitur,
1269 4244 1387 4314 doteque
