3017 4892
429 338 483 399 uu
511 331 675 401 sssscso
705 334 871 401 sucuro
899 337 975 401 us.
1003 340 1059 405 us.
1190 306 1276 422 589

189 491 304 573 κλῆρον
325 488 387 549 τάν
409 485 551 549 δικαίων.
591 488 647 548 καί
665 482 682 549 ά
702 488 763 566 μὲν
782 485 914 570 άπαίρει
931 491 1076 553 τοιοῦτον
1089 488 1216 575 τρέφειν
1235 484 1273 550 τά

188 584 356 673 πρόθυμον
378 581 433 649 καί
455 578 553 665 άμάσε
575 588 614 671 τῇ
645 586 730 671 άκμῇ
758 587 816 649 τοά
837 583 991 664 ,statim
1025 587 1151 670 χαράν·
1199 583 1276 671 ἧδ’

143 712 151 721 ·
187 684 395 771 ὑπερκειμένη
416 681 540 747 πάντων
557 685 629 766 χείρ
658 684 714 748 καί
741 678 825 769 ῥοπὴ
859 679 908 747 ἔτι
936 676 977 768 ἦν
1001 678 1126 768 άψηλὴ,
1153 684 1223 749 οάά’
1256 680 1275 749 ὅ

187 787 245 849 τοῦ
269 785 444 865 κρείττονος
465 781 652 867 ἀπεστράφη
674 779 797 864 θυμός,
821 778 865 859 ὥς
884 778 1018 863 ἔδειξεν,
1038 780 1094 847 ἐπὶ
1110 784 1207 848 πᾶσιν
1224 777 1274 860 οἷς

158 882 218 953 5οὶ
236 881 361 964 Βλάχοι
382 884 631 964 κραταιωθάντος
657 881 922 967 προηγωνίσαντο.
964 880 1020 947 καί
1043 875 1128 947 οάτοο
1155 882 1214 961 μὲν
1240 880 1273 947 οῖ

185 979 349 1069 ὀφθαλμοί
366 984 424 1046 τοά
444 981 630 1064 κρατοῦντος
649 983 703 1045 ἐπί
720 978 797 1057 τοάς
815 984 1122 1066 παραπικραινοντας
1142 976 1272 1073 ἔβλεπον

183 1081 381 1162 άπσστάτας,
404 1083 459 1145 καί
477 1080 522 1167 τῷ
543 1082 725 1169 διανοητικῷ
745 1082 864 1147 ἐκείνου
883 1080 924 1147 τά
952 1080 1122 1168 ἀφεστῶτα
1142 1079 1270 1164 πόρρω.

181 1275 255 1363 tyrs)
261 1303 277 1355 ς
297 1270 383 1354 ὄντος
401 1280 654 1361 παρεβλίνιοντο,
675 1281 729 1344 καί
746 1276 781 1344 τά
804 1281 863 1365 ἀφ’
884 1274 993 1355 ἑστίας
1016 1284 1139 1346 motor
1157 1277 1203 1357 otc
1220 1278 1265 1366 μτ)
1277 1295 1364 1369 itssy

138 1381 399 1464 ισπαρενοχλσῦν
414 1376 664 1463 άπεραλλάμενος
686 1368 734 1462 ἦν.
777 1382 832 1445 καί
851 1377 961 1445 καινάν
978 1377 1093 1461 οὐδέν,
1118 1381 1190 1447 tusa·
1215 1382 1272 1445 καί

78 1494 81 1504 ’
180 1476 241 1555 τάς
259 1476 585 1562 παραβλαστανοάσας
598 1481 708 1555 κακίας
727 1487 797 1555 ταῖς
810 1477 937 1564 άρεταῖς
956 1476 1154 1564 άγχιθάροος
1173 1474 1198 1564 ἢ
1213 1482 1270 1546 κατ’

158 1576 398 1667 ,φεραλλήλοας
416 1574 556 1659 μάλιστα
575 1570 673 1653 οὔσας
693 1580 755 1661 οάχ
776 1577 855 1663 άράν
875 1578 920 1655 ὥς
940 1581 1012 1645 δίον
1029 1574 1111 1665 άράν
1130 1578 1160 1645 οὶ
1180 1586 1269 1645 πλεῖ·

151 1666 155 1673 ’
179 1702 247 1745 usos
267 1678 331 1743 ταῖν
362 1678 541 1764 άνθροάποιν
577 1674 758 1760 αἱρούμεθα
782 1669 1002 1765 ἢδονάμεθα.
1045 1680 1090 1743 iu?
1118 1677 1181 1765 γάρ
1215 1683 1268 1745 λέ-

7 1838 9 1847 .
122 1840 129 1853 ,
180 1802 248 1864 ρειν
277 1772 328 1841 ὅτε
367 1801 426 1859 περ
458 1776 667 1863 ἐνεσημήνατά
700 1803 769 1856 ποις
802 1779 880 1863 ἡμῖν
918 1778 938 1865 ἢ
968 1778 1065 1867 φάσις
1104 1782 1161 1843 καί
1201 1782 1268 1843 ἕνα·

135 1875 321 1963 ι5φάτεοσι
360 1874 440 1959 πρὸς
481 1875 521 1941 τά
562 1879 662 1941 οἰκεῖα
704 1875 934 1961 συμπάθειαν,
982 1880 1039 1945 καί
1080 1878 1267 1963 σοιάὴσασο

179 1977 225 2064 τῷ
258 1976 379 2062 φίλτρῳ
413 1973 568 2039 ἐνδιδόναι
599 1980 655 2041 καί
681 1980 916 2057 ,caraxaturas
938 1977 1019 2063 πρὸς
1052 1974 1111 2053 τάς
1138 1976 1267 2062 φαύλας

178 2077 260 2151 ἕξεις
281 2076 337 2137 καί
356 2072 484 2158 πράξεις
512 2070 634 2140 ἑαυτῶν
654 2100 687 2141 τε
708 2078 765 2140 καί
783 2079 847 2141 τάν
875 2078 979 2162 prior
1008 2079 1140 2160 ἐνιαχοῦ
1160 2100 1266 2156 παρα·

176 2167 344 2256 βιάζεται,
368 2172 424 2237 καί
446 2171 489 2257 μή
517 2172 635 2261 (ipsiius
664 2170 849 2259 ὑπάγεσθαι
879 2174 1042 2261 άιατιθρσι
1074 2183 1139 2250 τοῖς
1170 2176 1267 2239 ἐπαι-

176 2276 303 2338 τλοῦσιν
324 2270 367 2347 άς
385 2275 430 2349 εἰς
448 2274 634 2358 τετρημίνάν
652 2276 748 2340 πίθον
765 2274 801 2341 τά
823 2268 881 2351 σάς
900 2276 956 2342 καί
972 2276 1206 2362 άφηγοομίιοις
1224 2272 1264 2338 τά

129 2371 221 2456 τομὴ
244 2374 348 2448 καλῶς
369 2373 515 2456 δρώμενα
535 2368 582 2449 οἷς
601 2375 896 2459 προσπεσάνθαμεν.
921 2376 1038 2440 constr
1056 2378 1113 2440 καί
1131 2365 1224 2449 οὗτος
1245 2372 1291 2436 tu

176 2471 327 2553 βασιλεύς
348 2474 435 2555 παρά
458 2476 613 2538 πλείστων
632 2475 852 2555 ἐνωτιζάμενος
872 2473 1089 2558 ἐπιβουλεάειν
1101 2476 1142 2562 τῇ
1162 2476 1264 2538 αάτοά

177 2572 263 2661 άρχῇ
282 2574 336 2636 κατ’
359 2573 424 2659 ζωῇ
444 2569 497 2637 τὸν
520 2566 658 2659 άδελφάν
675 2573 818 2654 'Atticos
837 2579 893 2641 καί
913 2571 1174 2659 παραπετάσματι
1208 2596 1263 2659 φι-

245 2740 270 2793 5.
292 2755 336 2807 κρ.
356 2742 422 2791 καθ’
444 2738 525 2811 ἡμῶν
542 2738 718 2810 ἠγωνίσαντο
737 2742 767 2793 Α.
839 2762 864 2809 7.
883 2742 1028 2809 ἐφεστῶτα
1049 2742 1079 2791 Α.
1151 2743 1177 2794 8.
1197 2738 1262 2792 tos

244 2816 348 2863 τοῦτον
366 2840 402 2851 -
422 2808 590 2877 άνατρίψων
615 2807 702 2881 ίγγάς
720 2811 760 2863 τάν
781 2812 829 2861 καὶ
849 2812 990 2867 ουνεοτιάς
1011 2814 1061 2861 καὶ
1088 2809 1261 2880 κρινάμενος

243 2876 277 2932 τά
297 2880 392 2933 πάντα
411 2879 561 2952 άμάψσχος
580 2884 768 2949 παρεβλέπετσ
787 2882 817 2932 Δ.
899 2900 925 2951 φ
942 2878 1008 2951 pupi
1029 2878 1101 2938 ὅλως
1123 2896 1154 2931 τι.
1173 2878 1262 2947 άπερ·

245 2950 385 3023 αλόμενος
404 2954 434 3005 Α.
510 2954 546 3019 ¹4·
564 2949 693 3025 ὅτιπερ]
712 2950 750 3008 oe
771 2952 801 3004 Α.
863 2948 1027 3020 ιφὲαυτάν
1047 2952 1172 3005 καὶτῶν
1190 2952 1262 3020 φιλ·

242 3018 335 3076 τάτοιν
353 3022 420 3092 ἡμῖν
438 3038 504 3090 παρ.
519 3020 548 3070 Α.
753 3038 758 3047 ·

175 3156 238 3209 duna
258 3158 306 3227 qui
323 3164 422 3209 sortem
442 3158 574 3209 iustorum
593 3157 696 3209 diutius
716 3158 790 3225 virga
806 3164 979 3227 peccatorum
998 3156 1075 3209 caedi
1093 3156 1186 3209 veliet„
1204 3174 1261 3227 quo

173 3229 265 3281 animo
285 3236 314 3279 et
333 3228 448 3279 consilio
468 3244 529 3279 cum
547 3226 582 3279 ad
600 3244 732 3279 summum
750 3226 895 3279 discrimen
921 3236 1064 3297 pergeret,
1094 3227 1140 3279 dei
1165 3244 1260 3283 manus

174 3307 204 3351 et
219 3308 337 3369 potestas
355 3298 444 3350 adhuc
462 3298 568 3349 excelsa
587 3306 660 3360 erat,
677 3314 769 3367 neque
789 3300 908 3351 numinis
926 3301 965 3349 ira
984 3298 1106 3367 placata,
1130 3307 1162 3351 ut
1178 3316 1260 3353 esea-

173 3376 217 3423 tus
235 3370 342 3431 docuit,
363 3368 469 3419 iilachis
487 3368 628 3419 victoriam
647 3376 739 3419 contra
758 3386 808 3420 nos
828 3370 944 3439 adeptis.
969 3386 1029 3419 cum
1054 3378 1147 3421 autera
1172 3370 1261 3440 impc-

173 3442 270 3492 ratoris
289 3440 361 3491 oculi
380 3440 491 3491 acerbus
522 3438 614 3490 hostes
640 3446 810 3507 spectarent,
840 3450 869 3493 et
893 3440 1023 3508 cogitatio
1050 3439 1131 3507 louge
1155 3449 1260 3495 remota

170 3517 399 3581 prosequeretur,
416 3526 472 3561 uon
490 3508 603 3561 videbat
623 3524 685 3560 eum
704 3526 720 3560 a
738 3526 793 3579 quo
811 3510 926 3580 imperio
946 3508 1090 3579 pellendus
1108 3519 1174 3575 erat,
1194 3528 1259 3582 pro·

170 3598 207 3651 pe
225 3588 356 3632 astantem
375 3590 403 3633 et
419 3597 526 3634 suususa⁴
540 3580 623 3631 animi
644 3581 824 3633 consensione
839 3598 888 3651 per
907 3581 997 3633 omnia
1015 3581 1208 3648 coniunctum,
1228 3591 1260 3635 et

171 3650 350 3703 ‹iomesticuus
371 3650 564 3702 offensaculum
583 3659 614 3702 ut
637 3651 718 3721 plane
741 3652 883 3704 innoxium
902 3652 1082 3704 transiliebat.
1112 3669 1203 3723 neque
1227 3653 1259 3707 ia

171 3729 215 3773 est
232 3720 393 3785 tuirandum,
412 3722 540 3791 quoniam
554 3722 681 3773 mortales
697 3723 764 3773 vitia
782 3723 858 3774 iuxta
874 3724 989 3775 virtutes
1010 3725 1039 3775 in
1056 3726 1211 3793 propinquo
1227 3732 1259 3777 et

170 3794 200 3844 in
220 3794 315 3843 satiem
335 3810 420 3863 prope
439 3794 522 3861 stirpe
542 3794 681 3844 assecutis
703 3810 815 3844 caruere
832 3802 879 3846 aut
895 3794 1021 3845 aoluruus
1039 3803 1088 3847 aut
1101 3797 1257 3865 nequimus.

169 3872 203 3915 ut
221 3880 277 3915 nou
295 3862 383 3913 dicans
401 3872 496 3915 natura
527 3880 543 3913 a
563 3864 642 3915 uobis
662 3864 864 3933 quodammodo
886 3866 1025 3917 caritatem
1053 3882 1115 3934 erge
1139 3883 1181 3918 res
1205 3882 1258 3919 no·

170 3942 238 3985 stras
257 3951 314 3987 esso
334 3934 461 3997 insitam,
481 3950 535 4002 qua
554 3932 673 3986 devincti
691 3944 720 3988 et
738 3934 956 3988 remollescentes
972 3936 1053 3989 melis
1070 3936 1212 3989 affectibus
1227 3944 1257 3988 et

170 4004 325 4057 actionibus
347 4012 399 4055 tam
425 4006 526 4055 nostris
544 4020 626 4075 quam
647 4006 846 4059 carissimorum
870 4008 978 4076 segnius
1004 4008 1168 4061 resistemus.
1199 4022 1255 4076 quo

169 4076 202 4127 fis
212 4085 244 4127 ut
261 4076 345 4128 veluti
363 4075 451 4127 surdis
469 4074 579 4127 auribus
595 4092 687 4131 eorum
706 4077 790 4129 verba
807 4087 1016 4147 praetereamus,
1032 4080 1082 4149 qui
1100 4086 1255 4131 nostrorum

170 4146 293 4215 improba
315 4148 384 4199 iacta
410 4156 627 4199 commemorant.
654 4148 694 4199 sic
719 4150 837 4202 isaacius
861 4166 971 4219 quoque
999 4166 1059 4201 cusu
1079 4164 1104 4200 ιο
1129 4147 1254 4218 plurimis

170 4216 278 4273 audiret
296 4218 406 4271 fratrem
426 4218 551 4273 Alesiam
570 4234 635 4271 suas
654 4227 682 4273 et
700 4220 774 4275 vitae
791 4229 820 4274 et
834 4221 950 4292 imperio
967 4220 1107 4298 insidiari,
1129 4226 1158 4272 et
1179 4216 1254 4273 ctes-
