3017 4892
299 243 355 328 56
618 272 793 336 nicusus
823 271 1057 335 cuourms

383 443 429 488 ιο.
469 417 688 499 Ἑκκλνγσιύσσς
716 420 745 480 δ’
766 415 870 481 ἔπειτα
900 417 935 481 τύ
960 421 1103 498 συγγενές
1122 419 1177 479 καί
1196 420 1299 500 φιλιον
1319 419 1374 480 κατ’

296 511 409 582 δπύσον
429 517 463 580 ἐν
488 515 659 598 ὑπεροχαῖς
682 539 713 578 τε
734 519 789 579 καί
815 516 990 594 ιίξιαύμασιν
1007 509 1046 599 ἦν
1058 565 1068 594 ,
1090 519 1145 578 καί
1166 517 1371 599 παραστησύ·

294 638 389 702 μενος
422 614 478 678 τὸν
511 615 697 699 ὑστερογενῆ
726 615 827 677 παῖδα
858 612 915 677 τὸν
935 611 1110 698 Mavortii,
1131 612 1236 676 τοιάδε
1258 611 1371 692 ἔλεξεν.

251 737 254 744 ·
294 717 374 797 „oris
395 715 441 778 ἐπ’
466 715 569 778 ἒλπίσι
590 714 649 794 μὲν
669 719 737 788 ταῖς
770 709 964 796 δρωμένοις,
995 704 1107 796 ἄνδρες
1125 712 1288 797 Ῥωμαῖοι,
1311 717 1375 776 Σο·

295 817 369 895 ρίοιν
389 812 579 894 κατέλαβον,
606 813 675 874 ἀλλ’
696 801 783 896 ζύμην
809 814 874 875 τῶν
893 811 1053 895 προτέραν
1072 813 1275 894 εύκλεέστερα
1297 807 1402 894 ἔργα5

267 915 516 992 Βένδείξασθαι,
538 913 594 974 καί
612 906 792 974 λούσασθαι
812 911 871 988 μὲν
892 905 1075 993 ἀδεέστερον
1095 912 1130 972 έν
1144 908 1299 995 Εύφρύτῃ
1321 909 1376 973 καί

296 1013 360 1074 ταῖν
392 1006 505 1072 τούτου
527 994 674 1088 ναμύταδν
703 1010 867 1090 πλησμίως
887 1007 1091 1093 α’ρύσασθαι,
1112 1007 1240 1071 ἰδέσθαι
1260 1010 1295 1070 δὲ
1320 1011 1375 1070 κατ’

301 1109 432 1192 Τίγριδα
454 1107 595 1188 ποταμόν
616 1105 671 1169 καί
689 1109 881 1189 διαθροῆοαι
910 1116 976 1180 τοῖς
996 1099 1105 1180 ὅπλοις
1124 1101 1161 1168 τύ
1183 1103 1375 1186 ἀνθιστάμε-

296 1232 369 1290 νον,
398 1202 471 1272 ὅσον
491 1231 522 1271 τε
556 1209 726 1289 προσρέπει
756 1214 821 1279 τοῖς
842 1208 950 1280 Κιλίξι
977 1207 1033 1267 καί
1064 1199 1135 1268 ὅσον
1164 1212 1231 1278 τοῖς
1260 1207 1294 1267 ἐκ
1321 1206 1374 1286 τῆς

286 1299 391 1387 wAycp
421 1307 641 1388 προσνένεοκε,
683 1299 882 1367 διαπτάσθαι
903 1305 938 1366 δὲ
958 1302 1014 1364 καί
1040 1302 1083 1377 οἷς
1103 1300 1132 1365 οἱ
1152 1307 1292 1383 βασιλεῖς
1311 1306 1423 1370 τῶνω

296 1401 449 1485 δρνιθων,
482 1405 512 1466 εἰ
532 1405 587 1466 καί
607 1403 687 1486 μέγα
711 1403 804 1464 τούτο
825 1402 923 1465 εἰπεῖν
952 1403 1037 1482 ἐστι’,
1060 1400 1140 1485 πρὸς
1159 1403 1375 1484 Παλαιστίνην

294 1503 408 1585 αύτὴν,
427 1498 506 1564 ὅπου
519 1501 554 1565 τὸ
576 1505 628 1584 τῆς
646 1504 797 1586 ἡμετέρας
816 1502 941 1586 φύσεως
958 1504 1072 1581 πταῖμα
1094 1497 1196 1564 πεσών
1216 1494 1376 1584 ἀνήγειρεν

295 1598 312 1663 δ
334 1598 487 1684 Χριστός,
510 1600 564 1662 ἐπί
582 1603 724 1683 στανρού
742 1599 799 1674 τοὶς
817 1607 927 1679 χεῖρας
947 1598 1025 1673 διείς
1049 1599 1104 1662 καί
1120 1607 1248 1683 μικραῖς
1270 1594 1375 1682 ῥανίσι

294 1698 411 1779 κόσμον
425 1693 499 1763 ὅλον
521 1701 565 1774 εἰς
586 1699 698 1762 ἕνωσιν
719 1698 853 1780 α’γαγούν,
872 1698 1028 1780 α’ναβῆναι
1050 1701 1084 1762 δὲ
1105 1696 1161 1761 καί
1178 1701 1222 1772 εἰς
1243 1696 1279 1762 tri
1301 1691 1375 1779 ὅρος

294 1795 405 1880 κορίοο
428 1795 508 1860 κατὰ
533 1796 587 1860 τὸν
607 1795 770 1876 ψύλλοντα
792 1795 848 1858 καί
868 1798 982 1877 στῆναι
1003 1796 1036 1858 έν
1059 1793 1145 1882 τύπῳ
1165 1794 1241 1882 δγίῳ
1263 1797 1373 1877 attat,
1388 1801 1427 1859 15

293 1899 456 1976 μετελθεῖν
478 1897 513 1960 δὲ
537 1896 676 1976 πολέμου
697 1894 783 1981 νόμῳ
802 1897 857 1957 καί
875 1891 909 1958 τύ
931 1891 1033 1981 κύκλῳ
1053 1898 1211 1975 πολέμιον,
1233 1889 1309 1980 ὅπερ
1330 1894 1375 1970 sic

294 1991 352 2076 τῆν
372 1996 470 2057 πύλαι
490 1991 619 2075 κιβωτὸν
642 1991 672 2057 οἱ
693 1993 879 2078 α’λλύφνλοι,
899 1991 956 2076 τὴν
975 1996 1034 2056 τού
1053 1996 1163 2077 κορίοο
1185 1990 1281 2077 σορύν
1300 2000 1375 2057 πολ-

294 2088 384 2166 λα’κις
405 2086 468 2156 εἷλε
490 2090 685 2176 δορύκτητον.
727 2092 797 2155 ἐπεί
816 2093 851 2154 δὲ
873 2087 920 2166 οἷς
943 2092 1070 2174 τρόποις
1089 2089 1124 2155 τὸ
1144 2095 1231 2155 θεῖον
1245 2092 1374 2156 ἐπίστα-

267 2210 370 2267 cras,
400 2181 515 2253 ούκονν
542 2192 684 2254 δέδεκται
711 2193 810 2271 πέρας
840 2187 880 2252 τύ
903 2186 1162 2273 προσδοκώμενα,
1191 2191 1375 2274 ἀντιστῆναι

294 2289 353 2368 μὲν
382 2281 461 2361 ὅλας
496 2288 553 2350 oris
576 2284 678 2368 ἔστιν,
701 2288 772 2350 ούδ’
800 2289 854 2351 ἐπί
872 2296 935 2362 τοῖς
959 2285 1128 2370 δρωμένοις
1145 2285 1250 2370 γρεών
1270 2289 1427 2351 deser-no

294 2391 375 2448 πεῖν.
415 2383 463 2459 τίς
482 2382 543 2468 γδρ
564 2387 644 2448 θεού
664 2385 863 2469 σοφώτερος,·
890 2379 911 2468 ἢ
930 2387 976 2458 τίς
996 2384 1174 2464 μετελεύσει
1194 2389 1269 2448 νοῦν
1287 2384 1376 2467 κορί-

295 2504 332 2544 ον
354 2479 410 2544 καί
425 2487 611 2562 μεταμείψει
633 2484 673 2547 τύ
687 2481 799 2547 τούτου
820 2483 967 2566 κρίματα,
987 2479 1165 2568 ὑφελέσθαι
1183 2478 1205 2566 ἢ
1226 2489 1375 2564 προσθεῖ-

295 2603 349 2642 ναι
369 2576 490 2654 τούτοις
512 2585 734 2664 δεδοντγμένοςς
769 2580 930 2667 σφαλεραί
947 2582 1007 2661 μὲν
1027 2579 1086 2662 γὰρ
1109 2579 1143 2644 αῖ
1165 2587 1229 2644 ταῖν
1250 2580 1376 2664 α’νθριύ-

293 2699 361 2742 πων
395 2675 547 2758 ἐπίνοιαι,
580 2679 598 2760 ἡ
626 2681 660 2744 δὲ
692 2679 752 2742 τού
776 2682 888 2763 κνρίοο
913 2677 1012 2761 βουλὴ
1032 2678 1248 2763 ύνεπιποίρτύς
1267 2702 1302 2742 τε
1321 2683 1376 2744 κατ’

364 2837 390 2889 8.
410 2834 527 2904 τίγρητα
544 2831 575 2885 λ.

367 2967 406 3004 ια.
442 2952 549 3004 Deinde
581 2955 733 3004 convocatis
761 2954 881 3020 cognatis
899 2952 991 3002 amicis
1009 2960 1091 3020 atque
1106 2950 1293 3019 magnatibus,
1310 2967 1374 3020 pro·

298 3021 433 3091 ductoque
452 3024 579 3074 Mnuueie
605 3023 662 3074 filio
690 3033 754 3074 nutu
773 3023 904 3084 minimo,
928 3021 1082 3073 huiusmodi
1102 3023 1253 3072 orationem
1269 3020 1373 3073 habuit.

295 3109 370 3150 „non
389 3092 516 3161 equidem
539 3110 570 3143 eu
588 3109 636 3162 spe
665 3110 744 3161 quam
763 3094 880 3155 vidctis,
909 3093 1048 3162 Quirites,
1074 3092 1177 3158 Syriam
1195 3109 1255 3142 sum
1271 3091 1375 3158 ingres-

297 3179 357 3225 sus,
383 3161 431 3214 sed
447 3164 574 3218 virtutem
599 3165 730 3214 maiorum
758 3179 801 3214 me
826 3172 1013 3231 superaturum
1042 3162 1191 3230 opinabar,
1209 3171 1237 3214 et
1254 3163 1377 3213 securius

296 3234 333 3283 iu'
344 3234 480 3302 Euphrate
498 3234 648 3284 levaturum
668 3241 696 3285 ct
714 3233 748 3283 ad
766 3234 919 3285 sutietatem
936 3233 1033 3283 latices
1051 3233 1109 3282 cius
1128 3231 1286 3283 hausturum
1305 3248 1373 3292 esse,

295 3303 471 3372 visurumque
496 3306 578 3356 etism
595 3305 697 3372 Tigrim
724 3303 855 3366 fluvium,
873 3312 902 3354 et
916 3320 1009 3354 ornnes
1027 3301 1192 3353 adversarios
1211 3303 1290 3352 ermis
1310 3319 1375 3369 pro-

296 3371 466 3438 fligatorum,
485 3377 640 3442 quicunque
657 3391 748 3426 versus
770 3374 893 3424 Ciliciam
910 3380 1025 3440 vergunt
1047 3382 1076 3423 et
1093 3371 1129 3423 ad
1145 3374 1279 3438 Agerenos
1299 3371 1376 3422 dese-

297 3450 409 3502 cerunt‚
440 3453 522 3510 utque
547 3444 654 3513 aquilae
671 3445 757 3495 instar
781 3443 914 3514 (quamuis
933 3442 986 3493 hoc
1006 3459 1130 3509 magnum
1148 3442 1223 3492 dictu
1239 3442 1375 3510 rideatur)

295 3512 326 3561 in
346 3511 433 3578 ipsam
451 3513 611 3565 palestinam
635 3513 878 3577 transvolutum,
905 3513 954 3563 ubi
972 3513 1094 3564 Christus
1113 3513 1231 3563 extensis
1249 3513 1278 3562 in
1296 3528 1375 3562 eruco

294 3579 420 3631 monibus
446 3589 558 3634 naturae
585 3594 693 3636 nostrae
720 3585 826 3635 urinam
849 3601 898 3634 ruo
919 3601 982 3634 casu
1009 3583 1108 3645 erexit,
1135 3591 1163 3633 et
1183 3583 1272 3650 parvis
1292 3583 1375 3650 guttis

295 3658 385 3701 totum
403 3650 532 3701 mundum
561 3654 665 3716 univit,
692 3671 723 3704 ac
745 3662 865 3705 montem
891 3653 996 3704 domini
1016 3669 1238 3715 conscensurum,
1255 3662 1287 3703 ut
1302 3652 1376 3720 pssi-

295 3720 456 3788 mogrsphus
475 3720 585 3783 scribit,
604 3731 685 3791 atque
719 3719 750 3774 in'
767 3725 825 3776 loco
845 3727 903 3774 eius
923 3732 1015 3775 sancto
1032 3731 1164 3774 staturum
1182 3739 1260 3786 esse,
1278 3730 1307 3772 et
1324 3720 1376 3772 ho-

296 3799 350 3842 stes
369 3790 417 3858 qui
438 3791 466 3840 iu
491 3791 605 3842 circuitu
627 3801 690 3843 sunt
711 3793 780 3845 belli
796 3795 855 3846 iure
872 3811 1070 3861 aggressurum,
1088 3793 1137 3860 qui
1155 3800 1187 3843 ut
1203 3794 1268 3843 olim
1287 3809 1376 3844 arcam

296 3861 421 3922 barbari,
449 3861 487 3910 sic
512 3861 564 3929 ipsi
582 3861 700 3912 loculum
727 3863 830 3914 domini
848 3881 928 3932 saepe
946 3867 1000 3915 iam
1019 3862 1099 3912 armis
1117 3872 1290 3932 occuparunt
1310 3863 1376 3929 quis

295 3947 359 3982 vero
385 3931 536 3998 expectatio
564 3947 624 3982 mea
647 3949 690 3983 me
713 3935 841 3985 frustrata
861 3943 903 3985 est
933 3933 1052 4004 (qundo
1079 3949 1159 3982 eausa
1180 3933 1246 3984 deus
1266 3933 1374 4000 novit).

296 4002 421 4052 resistere
439 4001 548 4052 omuino
568 4001 640 4052 hund
658 4003 731 4067 iicet,
749 4004 852 4054 nsciis
872 4022 946 4072 quse
964 4019 1053 4053 corum
1071 4011 1217 4056 cernuntur
1238 4002 1374 4065 refragari.

297 4071 358 4138 quis
378 4072 450 4122 euim
479 4081 520 4122 est
537 4071 588 4122 deo
615 4073 782 4140 sapientior?
799 4084 845 4123 aut
866 4075 927 4140 quis
947 4073 1049 4122 domiui
1068 4073 1186 4123 auiinurn
1204 4069 1373 4138 explorabit,

297 4142 410 4212 eiusque
431 4141 531 4194 iudicis
548 4143 590 4194 vel
610 4142 734 4198 addendo
752 4144 796 4193 vet
813 4143 980 4195 detrahendo
998 4141 1135 4197 mutabit?
1154 4159 1217 4194 mm
1233 4139 1375 4194 homiuum
