3017 4892
548 268 653 328 unas
682 230 828 331 cluss.
1138 239 1220 354 775

130 416 333 504 ἐφόνευσεν,
363 412 406 487 τός
434 410 478 496 μη
510 399 649 496 ὄφελεν,
678 414 728 477 ἐπ’
748 413 888 502 άπωλείρι
918 418 975 499 τῆς
995 420 1166 501 πατρίδος,
1186 413 1224 482 δν

131 520 194 582 καί
213 518 318 580 καλῶν
340 508 503 575 κάλλιπον
524 508 581 574 καί
599 534 708 596 σφισιν
737 513 908 595 ἐπέραστον
928 515 1086 596 α’γώγιμσν
1105 519 1222 601 έπεφέ.

136 637 254 699 ροντο·
307 608 407 696 ἦμάρ
443 608 592 693 δπτιότης
618 612 674 675 καί
704 610 886 696 οίκουρότης
917 608 978 677 τοῖν
1003 612 1042 677 τά
1058 615 1224 696 Ῥωμαίων

15 758 20 789 ,
131 710 342 795 χειριζόντων
361 708 532 795 πράγματα
554 705 704 784 δικαστάς
723 709 812 793 ἡμῶν
832 709 887 774 καί
901 710 1054 789 κολαστάς
1073 710 1148 788 τοδς
1167 721 1223 801 λη-

15 856 18 889 :
99 809 219 888 5στάς
239 806 467 893 έπεισάνεγκεν.
518 812 568 895 (a)
587 808 640 874 ε’πί
665 811 701 873 δὲ
722 816 787 883 τοῖς
805 814 949 892 συμβάσι
969 814 1049 875 πάσι
1071 813 1111 897 τῇ
1131 818 1253 893 βασι-(ἶ

15 956 22 993 ,
133 912 202 975 λίδι
225 912 317 975 ου’δὲν
341 915 470 991 σημεῖον
489 902 612 987 όψόθεν
638 900 658 989 ἢ
682 906 738 971 καί
757 912 854 991 γῆθεν
874 912 1034 994 ἐκφανθέν
1055 909 1223 993 ἔγνωσται,

15 1056 18 1093 ,
134 1004 234 1075 ὁποῖα
251 1002 330 1073 άπα
350 1006 450 1071 πολλά
472 1012 539 1081 τοῖς
559 1002 712 1091 πρότερον
724 1010 959 1092 ξυνηνέχθησαν
978 1006 1150 1095 συμφοράς
1168 1008 1224 1072 άν-

136 1106 290 1193 δραῖνιιαί
302 1108 406 1170 κακοῖν
426 1103 591 1189 ἐπαγωγὰς
612 1103 844 1191 κηρεσιφόρους
864 1104 1130 1191 δποσημαίνοντα.
1154 1101 1223 1171 urire

15 1262 18 1293 ,
133 1205 200 1293 γάρ
220 1203 336 1287 ψιάδες
356 1201 532 1287 οὐρανόθεν
543 1200 690 1287 δσθησαν
707 1201 923 1286 αἱματόεσσαι,
939 1199 1009 1270 otiis
1029 1208 1124 1289 θέρος
1136 1202 1222 1269 έναι·
1233 1218 1320 1275 V.3ra

15 1385 19 1395 1
77 1330 199 1389 ιομον
219 1302 490 1389 παρεξηλλακται,
514 1296 588 1367 οὔτε
613 1308 699 1367 λίθοι
713 1300 882 1387 πυρόεντες
896 1306 930 1381 ἔξ
943 1306 1071 1388 αἰθέρος
1085 1304 1222 1387 ἠνέχθη-

133 1430 209 1485 σαν,
222 1397 296 1467 οότε
308 1428 340 1467 τι
353 1405 460 1486 ἕτερον
475 1400 589 1486 ώράθη
605 1405 835 1486 καινουργηθὲν
852 1398 1006 1483 ὁπωσοῦν,
1021 1404 1091 1467 ἀλλ’
1105 1403 1222 1485 ἐμβάδι

134 1502 253 1589 υἷψόφηι
266 1500 321 1566 καί
329 1502 440 1584 χερσίν
456 1495 636 1585 άκροτηιοις
654 1502 814 1578 πολύπους
839 1500 896 1566 καί
911 1501 1063 1586 πολύχειρ
1078 1506 1119 1589 τῇ
1132 1499 1222 1565 πόλει

132 1602 191 1667 καί
204 1603 277 1689 ἡμῖν
292 1596 308 1686 ’i
326 1600 397 1685 δίκη
414 1603 646 1666 ε’πεισπεσοόσα
661 1602 906 1681 δυσπότμουςέν
919 1599 1100 1683 α’νθρσδποις
1115 1597 1221 1684 εἰργά-

135 1723 226 1788 σατο,
248 1697 386 1782 τιμωρός
407 1701 546 1782 ὀφθεῖσα
568 1695 741 1785 φιλότιμος.
770 1696 899 1784 κοίτην
915 1704 976 1780 μὲν
995 1700 1119 1784 ἡμέραν
1140 1703 1220 1764 ἐκεί-

15 1788 16 1879 s
79 1808 189 1883 ι5νην
207 1802 280 1863 καθ’
300 1798 339 1881 ἣν
359 1793 378 1882 ἡ
399 1793 486 1870 πόλις
501 1792 644 1877 ἑάλωκεν,
664 1795 693 1861 oi
705 1797 875 1864 σκυλευταί
885 1807 955 1874 ταῖς
973 1795 1092 1886 όπηοῦν
1106 1802 1219 1873 οἰκίαις

134 1896 375 1977 ἑναυλισάμενοι
403 1894 496 1961 τότε
525 1892 612 1959 ἔνδον
633 1894 807 1981 διήρπαζον
837 1900 891 1961 ναί
909 1896 984 1980 περί
1001 1901 1065 1961 τῶν
1087 1898 1250 1982 α’φανιδνΙ)

133 1994 208 2072 roric
221 1992 375 2070 δεσπότας
392 1994 562 2077 ἀνέκρινον,
576 1992 695 2079 πληγάς
713 1993 893 2072 ἐντείνοντες
913 1997 1017 2075 ἐνίοις,
1037 2002 1163 2071 πολλοῖς
1183 1998 1219 2059 δὲ

134 2094 191 2159 καί
210 2096 373 2178 προσηνῶς
396 2089 629 2175 συνγινόμενοι,
646 2102 716 2169 ταῖς
739 2094 768 2157 δ’
796 2088 940 2168 ἀπειλαῖς
959 2096 1015 2158 ἐπί
1031 2099 1110 2159 πᾶσι
1132 2089 1219 2177 χριό-

131 2216 241 2275 μενοι·
268 2190 311 2269 ὥς
339 2194 375 2258 δὲ
395 2190 435 2258 τά
452 2194 512 2273 μὲν
531 2186 616 2273 εἶχον
635 2189 672 2256 τά
696 2195 727 2257 δ’
747 2194 925 2278 ἐξέφαινον,
952 2190 992 2257 τά
1013 2196 1073 2274 μὲν
1093 2192 1219 2279 ὀφθαλ-

77 2322 122 2367 20
131 2300 205 2375 μοῖς
233 2290 423 2376 προκείμενα
450 2289 505 2356 καί
524 2288 604 2375 πρός
630 2294 691 2355 τοῖν
710 2289 847 2373 ἐχόντων
866 2291 1106 2374 προσαμόμενα,
1126 2290 1165 2356 τά
1188 2295 1219 2356 δ’

131 2388 194 2457 sind
215 2392 306 2476 σφῶν
326 2393 435 2455 ου’τοῖν
457 2388 705 2476 ἄναδιφιέμενα,
732 2392 789 2453 καί
803 2389 904 2476 φειδώ
925 2414 973 2465 τις
993 2391 1050 2454 osia
1069 2384 1109 2473 ἧν
1129 2387 1216 2473 παρά

129 2494 243 2577 σφίσιν
265 2488 340 2555 οὐδὲ
361 2493 422 2555 τῶν
441 2486 575 2553 ἐνόντων
595 2490 763 2570 μετάδοσις
782 2488 861 2573 πρός
877 2488 952 2567 τούς
970 2488 1118 2571 ἔχοντας,
1141 2481 1216 2552 οὔτε

128 2586 193 2674 μην
213 2591 405 2671 συμμέθέξις
428 2582 536 2664 ἑστίας
556 2582 577 2672 ἢ
596 2584 774 2670 ἑστιάσεως,
796 2580 865 2652 ἀλλ’
885 2588 1048 2674 ὑπεροψία
1064 2590 1118 2653 ναί
1139 2587 1215 2669 ἆμι-

197 2772 222 2823 3.
241 2771 257 2837 ἧ
278 2762 336 2842 γάρ
354 2768 500 2845 δπιιότης]
518 2768 537 2836 η’
555 2758 612 2841 γάρ
629 2770 776 2841 χαδνιυσις
792 2772 875 2837 uniri
896 2774 1046 2839 οῖιιοκορῖα
1063 2770 1079 2834 si
1099 2765 1136 2822 τά
1154 2772 1214 2824 ταῖν

198 2842 335 2913 ῥωμαίων
354 2841 526 2914 διεξάγοοαα
542 2841 699 2913 πράγματα
712 2844 740 2894 Β.
851 2846 890 2898 si.
910 2841 1102 2914 δυσπότμοις]
1125 2854 1213 2892 κακο-

196 2914 340 2973 tardatur
358 2914 386 2965 li.
470 2916 510 2968 ι5.
528 2911 653 2969 euersor
672 2914 702 2965 Δ.

127 3084 159 3135 in
176 3082 279 3150 patriae
295 3134 298 3141 ,
305 3084 454 3151 perniciem
476 3062 623 3151 genueiat,
649 3083 774 3133 comitem
793 3078 1005 3149 pulcherrimum
1026 3088 1056 3132 et
1074 3080 1214 3150 optatissi-

126 3170 201 3205 mum
222 3152 400 3205 adducebant.
417 3170 479 3204 nam
497 3170 590 3203 eorum
608 3152 752 3203 oscitantia
771 3159 800 3202 et
826 3151 932 3219 ignavia
951 3151 999 3219 qui
1016 3167 1104 3201 rerum
1121 3151 1211 3218 potie-

125 3223 236 3286 bantur,
254 3224 345 3275 edocit
355 3232 385 3275 ut
396 3224 514 3275 latrones
526 3224 572 3273 isti
590 3223 669 3273 nobis
691 3224 733 3273 ius
750 3220 873 3273 dicerent
889 3230 918 3273 et
934 3237 1037 3291 poenas
1054 3221 1211 3288 irrogarent.

129 3292 171 3361 (a)
182 3292 237 3341 Nec
250 3292 314 3343 illae
327 3294 417 3345 clades
430 3293 507 3344 urbis
520 3293 577 3343 ullo
591 3301 718 3361 portento
731 3292 776 3343 vel
790 3292 900 3343 caelesti
917 3292 963 3343 vel
976 3291 1097 3343 terrestri
1109 3292 1212 3359 praesi,

130 3362 271 3430 gniflcutae
279 3372 351 3427 runt,
359 3364 388 3415 id
396 3363 472 3433 quod
480 3364 545 3414 olim
554 3364 715 3432 plerumque
726 3364 825 3414 tectum
837 3372 886 3425 est,
896 3379 956 3413 eum
966 3360 1063 3413 caedes
1071 3360 1211 3411 hominurn

130 3439 160 3483 et
172 3430 275 3484 excidia
288 3434 395 3485 urbium
405 3432 593 3486 imminebant.
607 3450 696 3503 neque
707 3442 835 3485 cruentae
847 3440 939 3501 guttae
951 3433 1028 3484 eaelo
1041 3430 1210 3493 deciderunt,

130 3518 218 3569 neque
237 3506 383 3571 sanguinea
408 3505 503 3555 messis
528 3504 635 3565 extitit,
659 3520 711 3555 nec
728 3506 807 3573 igniti
830 3502 936 3573 lapidee
956 3520 990 3553 ex
1006 3501 1117 3553 aethere
1137 3501 1211 3553 deci-

130 3572 244 3636 derunt,
271 3590 322 3626 nee
345 3576 490 3695 quierpuam
508 3574 628 3644 denique
646 3574 771 3627 inusitati
788 3574 902 3635 accidit,
921 3572 969 3625 sed
989 3574 1072 3625 tacita
1089 3581 1119 3624 et
1137 3580 1211 3624 trun-

130 3643 214 3712 quilla
233 3643 352 3697 vindicta
374 3646 469 3697 mutis
485 3646 611 3697 manibus
635 3644 796 3715 etpedibus
823 3647 861 3697 ita
880 3662 930 3696 nos
947 3645 1095 3713 oppressit,
1114 3652 1145 3694 ut
1162 3643 1212 3693 de-

129 3714 192 3765 licta
208 3715 294 3782 probe
312 3716 369 3768 ulta
386 3716 548 3769 miserrimos
563 3716 684 3769 omnium
699 3716 854 3768 mortalium
873 3716 1000 3767 effecerit.
1022 3732 1054 3765 eo
1070 3730 1151 3783 porro
1165 3714 1211 3764 die

130 3802 183 3854 quo
200 3783 265 3839 urba
283 3797 361 3856 capta
391 3795 448 3850 ert,
477 3786 652 3857 praedatores
669 3804 713 3839 eas
731 3787 813 3838 aedes
831 3782 860 3838 in
877 3803 943 3855 quae
961 3785 1128 3837 diverterant
1144 3784 1212 3835 diri·

129 3856 256 3925 piebant;
274 3867 302 3909 et
318 3866 458 3927 praeterea
477 3875 548 3928 quae
565 3858 617 3927 ipsi
631 3856 806 3927 indagabant,
825 3857 949 3909 dominos
967 3856 1002 3909 de
1019 3856 1131 3908 occultis
1148 3854 1212 3906 tire·

130 3926 230 3990 saurir,
256 3930 404 3981 nonnullos
428 3946 487 3981 eum
521 3928 696 3993 verberibus,
723 3928 824 3980 multos
851 3928 959 3979 blandis
987 3925 1092 3989 verbis,
1116 3940 1211 3976 omnes

130 4013 186 4048 cum
214 3999 468 4051 comminationibus
495 4000 733 4069 percontabantur.
748 4000 797 4068 qui
817 4016 877 4051 cum
896 4000 949 4050 alia
971 4014 999 4050 se
1018 3996 1125 4049 babere
1141 3995 1211 4044 sate-

130 4076 233 4131 rentur‚
260 4070 315 4121 alis
341 4070 509 4134 indicarent,
527 4070 581 4121 alia
607 4070 829 4140 inconspectum
850 4074 992 4121 afferrent:
1010 4068 1113 4119 milites
1132 4064 1211 4115 nulla

132 4153 191 4209 ergo
218 4140 340 4213 hospites
367 4142 528 4206 clementia,
545 4140 622 4195 nulla
641 4140 826 4209 benignitate,
855 4158 905 4194 nee
922 4139 1049 4221 hospitiis
1068 4152 1120 4190 nee
1135 4134 1212 4187 rictu
