<?xml version="1.0" encoding="UTF-8"?>
<!DOCTYPE html PUBLIC "-//W3C//DTD XHTML 1.0 Transitional//EN"
    "http://www.w3.org/TR/xhtml1/DTD/xhtml1-transitional.dtd">
<html xmlns="http://www.w3.org/1999/xhtml" xml:lang="en" lang="en">
 <head>
  <title>
</title>
<meta http-equiv="Content-Type" content="text/html;charset=utf-8" />
  <meta name='ocr-system' content='tesseract 3.04.00' />
  <meta name='ocr-capabilities' content='ocr_page ocr_carea ocr_par ocr_line ocrx_word'/>
</head>
<body>
  <div class='ocr_page' id='page_1' title='image "./corpusscriptoru03unkngoog/corpusscriptoru03unkngoog_0364.png"; bbox 0 0 3017 4892; ppageno 0'>
   <div class='ocr_carea' id='block_1_1' title="bbox 269 321 1039 424">
    <p class='ocr_par' dir='ltr' id='par_1_1' title="bbox 269 321 1039 424">
     <span class='ocr_line' id='line_1_1' title="bbox 269 321 1039 424; baseline -0.001 -16"><span class='ocrx_word' id='word_1_1' title='bbox 269 321 356 424; x_wconf 67' lang='grc' dir='ltr'><strong><em>ὅσα</em></strong></span> <span class='ocrx_word' id='word_1_2' title='bbox 594 343 770 411; x_wconf 73' lang='lat' dir='ltr'>nicerte</span> <span class='ocrx_word' id='word_1_3' title='bbox 802 343 1039 411; x_wconf 78' lang='lat' dir='ltr'>urounmn</span> 
     </span>
    </p>
   </div>
   <div class='ocr_carea' id='block_1_2' title="bbox 235 489 1359 784">
    <p class='ocr_par' dir='ltr' id='par_1_2' title="bbox 235 489 1359 784">
     <span class='ocr_line' id='line_1_2' title="bbox 269 489 1355 582; baseline -0.004 -16"><span class='ocrx_word' id='word_1_4' title='bbox 269 503 415 582; x_wconf 88' lang='grc' dir='ltr'><strong><em>δίδοται,</em></strong></span> <span class='ocrx_word' id='word_1_5' title='bbox 448 489 493 563; x_wconf 81' lang='grc' dir='ltr'><strong><em>τόν</em></strong></span> <span class='ocrx_word' id='word_1_6' title='bbox 521 499 664 582; x_wconf 77' lang='grc' dir='ltr'><strong><em>δομὴτωρ</em></strong></span> <span class='ocrx_word' id='word_1_7' title='bbox 692 495 709 561; x_wconf 87' lang='grc' dir='ltr'><strong><em>ό</em></strong></span> <span class='ocrx_word' id='word_1_8' title='bbox 739 495 939 582; x_wconf 73' lang='grc' dir='ltr'><strong><em>πατριάρχης</em></strong></span> <span class='ocrx_word' id='word_1_9' title='bbox 963 499 1067 579; x_wconf 74' lang='grc' dir='ltr'><strong><em>γέγονε</em></strong></span> <span class='ocrx_word' id='word_1_10' title='bbox 1099 493 1255 580; x_wconf 68' lang='grc' dir='ltr'><strong><em>Μιχαάλ,</em></strong></span> <span class='ocrx_word' id='word_1_11' title='bbox 1274 498 1355 578; x_wconf 84' lang='grc' dir='ltr'><strong><em>μετά</em></strong></span> 
     </span>
     <span class='ocr_line' id='line_1_3' title="bbox 267 590 1359 685; baseline -0.003 -20"><span class='ocrx_word' id='word_1_12' title='bbox 267 601 322 685; x_wconf 82' lang='grc' dir='ltr'><strong><em>τῆς</em></strong></span> <span class='ocrx_word' id='word_1_13' title='bbox 343 600 439 684; x_wconf 82' lang='grc' dir='ltr'><strong><em>αδτῆς</em></strong></span> <span class='ocrx_word' id='word_1_14' title='bbox 460 600 516 663; x_wconf 91' lang='grc' dir='ltr'><strong><em>καί</em></strong></span> <span class='ocrx_word' id='word_1_15' title='bbox 535 599 630 661; x_wconf 89' lang='grc' dir='ltr'><strong><em>πάλιν</em></strong></span> <span class='ocrx_word' id='word_1_16' title='bbox 649 597 707 661; x_wconf 86' lang='grc' dir='ltr'><strong><em>καί</em></strong></span> <span class='ocrx_word' id='word_1_17' title='bbox 725 599 867 671; x_wconf 87' lang='grc' dir='ltr'><strong><em>πλειόνος</em></strong></span> <span class='ocrx_word' id='word_1_18' title='bbox 888 596 1130 680; x_wconf 73' lang='grc' dir='ltr'><strong><em>ἀσφαλεστέρας</em></strong></span> <span class='ocrx_word' id='word_1_19' title='bbox 1150 596 1308 681; x_wconf 83' lang='grc' dir='ltr'><strong><em>φρουράς.</em></strong></span> <span class='ocrx_word' id='word_1_20' title='bbox 1331 590 1359 662; x_wconf 81' lang='grc' dir='ltr'><strong><em>τό</em></strong></span> 
     </span>
     <span class='ocr_line' id='line_1_4' title="bbox 235 686 1358 784; baseline -0.004 -17"><span class='ocrx_word' id='word_1_21' title='bbox 235 697 461 784; x_wconf 78' lang='grc' dir='ltr'><strong><em>λλπραγμάτων</em></strong></span> <span class='ocrx_word' id='word_1_22' title='bbox 478 695 715 782; x_wconf 89' lang='grc' dir='ltr'><strong><em>παλινστρόφου</em></strong></span> <span class='ocrx_word' id='word_1_23' title='bbox 738 698 860 781; x_wconf 89' lang='grc' dir='ltr'><strong><em>φοράς,</em></strong></span> <span class='ocrx_word' id='word_1_24' title='bbox 890 699 946 759; x_wconf 88' lang='grc' dir='ltr'><strong><em>καί</em></strong></span> <span class='ocrx_word' id='word_1_25' title='bbox 968 697 1087 760; x_wconf 73' lang='grc' dir='ltr'><strong><em>θάττον</em></strong></span> <span class='ocrx_word' id='word_1_26' title='bbox 1105 686 1129 779; x_wconf 76' lang='grc' dir='ltr'><em>ἢ</em></span> <span class='ocrx_word' id='word_1_27' title='bbox 1150 693 1240 777; x_wconf 87' lang='grc' dir='ltr'><strong><em>λόγος</em></strong></span> <span class='ocrx_word' id='word_1_28' title='bbox 1259 719 1358 777; x_wconf 87' lang='grc' dir='ltr'><strong><em>μετα-</em></strong></span> 
     </span>
    </p>
   </div>
   <div class='ocr_carea' id='block_1_3' title="bbox 163 794 1433 2904">
    <p class='ocr_par' dir='ltr' id='par_1_3' title="bbox 264 794 1382 982">
     <span class='ocr_line' id='line_1_5' title="bbox 267 794 1357 880; baseline -0.003 -18"><span class='ocrx_word' id='word_1_29' title='bbox 267 801 448 880; x_wconf 83' lang='grc' dir='ltr'><strong><em>κλινομένης</em></strong></span> <span class='ocrx_word' id='word_1_30' title='bbox 475 795 593 860; x_wconf 73' lang='grc' dir='ltr'><strong><em>ἐνίοτε]</em></strong></span> <span class='ocrx_word' id='word_1_31' title='bbox 648 795 665 859; x_wconf 88' lang='lat' dir='ltr'><strong><em>o‘</em></strong></span> <span class='ocrx_word' id='word_1_32' title='bbox 694 794 775 859; x_wconf 86' lang='grc' dir='ltr'><strong><em>κατά</em></strong></span> <span class='ocrx_word' id='word_1_33' title='bbox 792 797 848 878; x_wconf 78' lang='grc' dir='ltr'><strong><em>τῆς</em></strong></span> <span class='ocrx_word' id='word_1_34' title='bbox 882 796 1048 877; x_wconf 79' lang='grc' dir='ltr'><strong><em>ε’τικλησιλκς</em></strong></span> <span class='ocrx_word' id='word_1_35' title='bbox 1075 796 1156 874; x_wconf 74' lang='grc' dir='ltr'><strong><em>χθὲς</em></strong></span> <span class='ocrx_word' id='word_1_36' title='bbox 1176 794 1357 876; x_wconf 79' lang='grc' dir='ltr'><strong><em>εἰσενεγκιόν</em></strong></span> 
     </span>
     <span class='ocr_line' id='line_1_6' title="bbox 264 891 1382 982; baseline 0.001 -21"><span class='ocrx_word' id='word_1_37' title='bbox 264 895 438 982; x_wconf 72' lang='grc' dir='ltr'><strong><em>ἀκήρυκτον</em></strong></span> <span class='ocrx_word' id='word_1_38' title='bbox 465 893 601 977; x_wconf 89' lang='grc' dir='ltr'><strong><em>πόλεμον</em></strong></span> <span class='ocrx_word' id='word_1_39' title='bbox 635 895 678 972; x_wconf 84' lang='grc' dir='ltr'><strong><em>ιός</em></strong></span> <span class='ocrx_word' id='word_1_40' title='bbox 701 892 800 971; x_wconf 87' lang='grc' dir='ltr'><strong><em>πολύς</em></strong></span> <span class='ocrx_word' id='word_1_41' title='bbox 819 891 856 957; x_wconf 89' lang='grc' dir='ltr'><strong><em>τό</em></strong></span> <span class='ocrx_word' id='word_1_42' title='bbox 879 895 967 978; x_wconf 79' lang='grc' dir='ltr'><strong><em>γένος</em></strong></span> <span class='ocrx_word' id='word_1_43' title='bbox 987 891 1117 977; x_wconf 78' lang='grc' dir='ltr'><strong><em>κοίτην</em></strong></span> <span class='ocrx_word' id='word_1_44' title='bbox 1134 891 1235 977; x_wconf 86' lang='grc' dir='ltr'><strong><em>τύχην</em></strong></span> <span class='ocrx_word' id='word_1_45' title='bbox 1257 893 1382 979; x_wconf 76' lang='grc' dir='ltr'><strong><em>ὑπέρ-5</em></strong></span> 
     </span>
    </p>

    <p class='ocr_par' dir='ltr' id='par_1_4' title="bbox 223 989 1402 1774">
     <span class='ocr_line' id='line_1_7' title="bbox 223 989 1353 1080; baseline -0.003 -21"><span class='ocrx_word' id='word_1_46' title='bbox 223 1025 225 1034; x_wconf 92' lang='grc'><em>·</em></span> <span class='ocrx_word' id='word_1_47' title='bbox 264 1017 380 1077; x_wconf 91' lang='grc' dir='ltr'><strong><em>αυχος,</em></strong></span> <span class='ocrx_word' id='word_1_48' title='bbox 412 996 468 1057; x_wconf 86' lang='grc' dir='ltr'><strong><em>καί</em></strong></span> <span class='ocrx_word' id='word_1_49' title='bbox 493 991 568 1071; x_wconf 88' lang='grc' dir='ltr'><strong><em>τούς</em></strong></span> <span class='ocrx_word' id='word_1_50' title='bbox 599 994 746 1080; x_wconf 75' lang='grc' dir='ltr'><strong><em>φυγάδας</em></strong></span> <span class='ocrx_word' id='word_1_51' title='bbox 778 997 900 1059; x_wconf 74' lang='grc' dir='ltr'><strong><em>ἐκεῖθεν</em></strong></span> <span class='ocrx_word' id='word_1_52' title='bbox 932 991 1085 1058; x_wconf 82' lang='grc' dir='ltr'><strong><em>άποσπαῖν</em></strong></span> <span class='ocrx_word' id='word_1_53' title='bbox 1119 991 1164 1068; x_wconf 74' lang='grc' dir='ltr'><strong><em>ὥς</em></strong></span> <span class='ocrx_word' id='word_1_54' title='bbox 1193 992 1252 1057; x_wconf 83' lang='grc' dir='ltr'><strong><em>οδκ</em></strong></span> <span class='ocrx_word' id='word_1_55' title='bbox 1271 989 1353 1075; x_wconf 82' lang='grc' dir='ltr'><strong><em>ἔδει,</em></strong></span> 
     </span>
     <span class='ocr_line' id='line_1_8' title="bbox 264 1085 1360 1178; baseline 0.002 -22"><span class='ocrx_word' id='word_1_56' title='bbox 264 1097 319 1157; x_wconf 89' lang='grc' dir='ltr'><strong><em>καί</em></strong></span> <span class='ocrx_word' id='word_1_57' title='bbox 344 1090 497 1178; x_wconf 77' lang='grc' dir='ltr'><strong><em>μυριάσιν</em></strong></span> <span class='ocrx_word' id='word_1_58' title='bbox 527 1085 629 1175; x_wconf 83' lang='grc' dir='ltr'><strong><em>όχλων</em></strong></span> <span class='ocrx_word' id='word_1_59' title='bbox 650 1090 966 1176; x_wconf 73' lang='grc' dir='ltr'><strong><em>περιβομβούμενος,</em></strong></span> <span class='ocrx_word' id='word_1_60' title='bbox 995 1090 1135 1176; x_wconf 76' lang='grc' dir='ltr'><strong><em>σήμερον</em></strong></span> <span class='ocrx_word' id='word_1_61' title='bbox 1154 1093 1282 1173; x_wconf 72' lang='grc' dir='ltr'><strong><em>δέσμιος</em></strong></span> <span class='ocrx_word' id='word_1_62' title='bbox 1301 1097 1360 1158; x_wconf 84' lang='grc' dir='ltr'><strong><em>καί</em></strong></span> 
     </span>
     <span class='ocr_line' id='line_1_9' title="bbox 263 1187 1354 1278; baseline -0.002 -20"><span class='ocrx_word' id='word_1_63' title='bbox 263 1195 421 1274; x_wconf 82' lang='grc' dir='ltr'><strong><em>οίνίστιος,</em></strong></span> <span class='ocrx_word' id='word_1_64' title='bbox 440 1193 561 1278; x_wconf 77' lang='grc' dir='ltr'><strong><em>μηδένα</em></strong></span> <span class='ocrx_word' id='word_1_65' title='bbox 580 1189 664 1276; x_wconf 77' lang='grc' dir='ltr'><strong><em>ἔχων</em></strong></span> <span class='ocrx_word' id='word_1_66' title='bbox 687 1189 809 1256; x_wconf 77' lang='grc' dir='ltr'><strong><em>ὀπαδόν</em></strong></span> <span class='ocrx_word' id='word_1_67' title='bbox 829 1195 884 1256; x_wconf 86' lang='grc' dir='ltr'><strong><em>καί</em></strong></span> <span class='ocrx_word' id='word_1_68' title='bbox 895 1188 1098 1276; x_wconf 77' lang='grc' dir='ltr'><strong><em>συλλήπτορα</em></strong></span> <span class='ocrx_word' id='word_1_69' title='bbox 1118 1187 1141 1274; x_wconf 76' lang='grc' dir='ltr'><strong><em>ἦ·</em></strong></span> <span class='ocrx_word' id='word_1_70' title='bbox 1159 1189 1215 1257; x_wconf 92' lang='grc' dir='ltr'><strong><em>τόν</em></strong></span> <span class='ocrx_word' id='word_1_71' title='bbox 1236 1189 1354 1271; x_wconf 78' lang='grc' dir='ltr'><strong><em>σάξον-</em></strong></span> 
     </span>
     <span class='ocr_line' id='line_1_10' title="bbox 263 1289 1353 1377; baseline -0.005 -20"><span class='ocrx_word' id='word_1_72' title='bbox 263 1317 308 1357; x_wconf 91' lang='grc' dir='ltr'><strong><em>τα</em></strong></span> <span class='ocrx_word' id='word_1_73' title='bbox 339 1289 393 1356; x_wconf 89' lang='grc' dir='ltr'><strong><em>καί</em></strong></span> <span class='ocrx_word' id='word_1_74' title='bbox 424 1289 650 1376; x_wconf 85' lang='grc' dir='ltr'><strong><em>λοτρούμενον.</em></strong></span> <span class='ocrx_word' id='word_1_75' title='bbox 707 1293 783 1355; x_wconf 79' lang='grc' dir='ltr'><strong><em>δδὲ</em></strong></span> <span class='ocrx_word' id='word_1_76' title='bbox 808 1291 1015 1377; x_wconf 76' lang='grc' dir='ltr'><strong><em>ἐδυσχέραινε</em></strong></span> <span class='ocrx_word' id='word_1_77' title='bbox 1034 1293 1094 1372; x_wconf 81' lang='grc' dir='ltr'><strong><em>μὲν</em></strong></span> <span class='ocrx_word' id='word_1_78' title='bbox 1114 1289 1195 1356; x_wconf 84' lang='grc' dir='ltr'><strong><em>κοίτιί</em></strong></span> <span class='ocrx_word' id='word_1_79' title='bbox 1212 1289 1353 1377; x_wconf 83' lang='grc' dir='ltr'><strong><em>τούτοις,</em></strong></span> 
     </span>
     <span class='ocr_line' id='line_1_11' title="bbox 263 1385 1402 1478; baseline 0.003 -23"><span class='ocrx_word' id='word_1_80' title='bbox 263 1393 455 1456; x_wconf 69' lang='grc' dir='ltr'><strong><em>ἐρυθαίνετο</em></strong></span> <span class='ocrx_word' id='word_1_81' title='bbox 478 1393 514 1455; x_wconf 83' lang='grc' dir='ltr'><strong><em>δὲ</em></strong></span> <span class='ocrx_word' id='word_1_82' title='bbox 534 1389 686 1474; x_wconf 81' lang='grc' dir='ltr'><strong><em>μειζόνως</em></strong></span> <span class='ocrx_word' id='word_1_83' title='bbox 705 1385 751 1456; x_wconf 89' lang='grc' dir='ltr'><strong><em>ότι</em></strong></span> <span class='ocrx_word' id='word_1_84' title='bbox 767 1387 812 1477; x_wconf 76' lang='grc' dir='ltr'><strong><em>μὴ</em></strong></span> <span class='ocrx_word' id='word_1_85' title='bbox 829 1393 908 1478; x_wconf 57' lang='lat' dir='ltr'>irrito</span> <span class='ocrx_word' id='word_1_86' title='bbox 926 1385 1104 1456; x_wconf 88' lang='grc' dir='ltr'><strong><em>ύπνοόττειν</em></strong></span> <span class='ocrx_word' id='word_1_87' title='bbox 1122 1387 1185 1454; x_wconf 85' lang='grc' dir='ltr'><strong><em>ύπδ</em></strong></span> <span class='ocrx_word' id='word_1_88' title='bbox 1208 1394 1271 1456; x_wconf 80' lang='grc' dir='ltr'><strong><em>τάν</em></strong></span> <span class='ocrx_word' id='word_1_89' title='bbox 1292 1415 1353 1476; x_wconf 89' lang='grc' dir='ltr'><strong><em>φυ-</em></strong></span> <span class='ocrx_word' id='word_1_90' title='bbox 1366 1418 1402 1458; x_wconf 87' lang='grc' dir='ltr'><strong><em>ιο</em></strong></span> 
     </span>
     <span class='ocr_line' id='line_1_12' title="bbox 262 1485 1354 1578; baseline -0.001 -23"><span class='ocrx_word' id='word_1_91' title='bbox 262 1488 365 1555; x_wconf 89' lang='grc' dir='ltr'><strong><em>λάκων</em></strong></span> <span class='ocrx_word' id='word_1_92' title='bbox 394 1491 447 1554; x_wconf 84' lang='grc' dir='ltr'><strong><em>αἐί</em></strong></span> <span class='ocrx_word' id='word_1_93' title='bbox 470 1490 701 1555; x_wconf 77' lang='grc' dir='ltr'><strong><em>ἐπιπιπτόντων</em></strong></span> <span class='ocrx_word' id='word_1_94' title='bbox 732 1490 818 1578; x_wconf 76' lang='grc' dir='ltr'><strong><em>αύτῷ</em></strong></span> <span class='ocrx_word' id='word_1_95' title='bbox 845 1487 925 1573; x_wconf 88' lang='grc' dir='ltr'><strong><em>πρός</em></strong></span> <span class='ocrx_word' id='word_1_96' title='bbox 959 1485 1059 1554; x_wconf 82' lang='grc' dir='ltr'><strong><em>δπνον</em></strong></span> <span class='ocrx_word' id='word_1_97' title='bbox 1085 1493 1262 1576; x_wconf 76' lang='grc' dir='ltr'><strong><em>τρεπομένῳ</em></strong></span> <span class='ocrx_word' id='word_1_98' title='bbox 1298 1492 1354 1554; x_wconf 79' lang='grc' dir='ltr'><strong><em>καί</em></strong></span> 
     </span>
     <span class='ocr_line' id='line_1_13' title="bbox 261 1583 1352 1674; baseline -0.001 -21"><span class='ocrx_word' id='word_1_99' title='bbox 261 1589 438 1668; x_wconf 82' lang='grc' dir='ltr'><strong><em>βιαζόντων</em></strong></span> <span class='ocrx_word' id='word_1_100' title='bbox 458 1586 549 1654; x_wconf 78' lang='grc' dir='ltr'><strong><em>ἰστάν</em></strong></span> <span class='ocrx_word' id='word_1_101' title='bbox 571 1586 645 1664; x_wconf 88' lang='grc' dir='ltr'><strong><em>τούς</em></strong></span> <span class='ocrx_word' id='word_1_102' title='bbox 667 1585 860 1674; x_wconf 72' lang='grc' dir='ltr'><strong><em>ὀφθαλμούς</em></strong></span> <span class='ocrx_word' id='word_1_103' title='bbox 880 1585 986 1672; x_wconf 84' lang='grc' dir='ltr'><strong><em>ιόσπερ</em></strong></span> <span class='ocrx_word' id='word_1_104' title='bbox 1011 1591 1106 1671; x_wconf 82' lang='grc' dir='ltr'><strong><em>κέρας</em></strong></span> <span class='ocrx_word' id='word_1_105' title='bbox 1129 1583 1152 1671; x_wconf 81' lang='grc' dir='ltr'><em>ἢ</em></span> <span class='ocrx_word' id='word_1_106' title='bbox 1171 1590 1309 1671; x_wconf 87' lang='grc' dir='ltr'><strong><em>σίδηρον.</em></strong></span> <span class='ocrx_word' id='word_1_107' title='bbox 1332 1588 1352 1652; x_wconf 84' lang='grc' dir='ltr'><strong><em>δ</em></strong></span> 
     </span>
     <span class='ocr_line' id='line_1_14' title="bbox 263 1683 1352 1774; baseline -0.002 -22"><span class='ocrx_word' id='word_1_108' title='bbox 263 1691 299 1753; x_wconf 84' lang='grc' dir='ltr'><strong><em>δὲ</em></strong></span> <span class='ocrx_word' id='word_1_109' title='bbox 320 1688 521 1773; x_wconf 85' lang='grc' dir='ltr'><strong><em>πατριάρχης</em></strong></span> <span class='ocrx_word' id='word_1_110' title='bbox 539 1688 584 1774; x_wconf 73' lang='grc' dir='ltr'><strong><em>μὴ</em></strong></span> <span class='ocrx_word' id='word_1_111' title='bbox 604 1692 806 1774; x_wconf 81' lang='grc' dir='ltr'><strong><em>μνησικακιύν</em></strong></span> <span class='ocrx_word' id='word_1_112' title='bbox 828 1683 896 1752; x_wconf 76' lang='grc' dir='ltr'><strong><em>ἄλλ’</em></strong></span> <span class='ocrx_word' id='word_1_113' title='bbox 918 1690 1083 1771; x_wconf 81' lang='grc' dir='ltr'><strong><em>οἰκτείρων</em></strong></span> <span class='ocrx_word' id='word_1_114' title='bbox 1102 1690 1158 1764; x_wconf 74' lang='grc' dir='ltr'><strong><em>τῆς</em></strong></span> <span class='ocrx_word' id='word_1_115' title='bbox 1176 1690 1352 1770; x_wconf 73' lang='grc' dir='ltr'><strong><em>μεταβολῆς</em></strong></span> 
     </span>
    </p>

    <p class='ocr_par' dir='ltr' id='par_1_5' title="bbox 163 1780 1400 2074">
     <span class='ocr_line' id='line_1_15' title="bbox 163 1780 1367 1872; baseline -0.002 -20"><span class='ocrx_word' id='word_1_116' title='bbox 163 1799 190 1852; x_wconf 86' lang='grc' dir='ltr'><strong><em>Ρ.</em></strong></span> <span class='ocrx_word' id='word_1_117' title='bbox 207 1784 312 1854; x_wconf 78' lang='grc' dir='ltr'><strong><em>ιδττόν</em></strong></span> <span class='ocrx_word' id='word_1_118' title='bbox 333 1780 501 1870; x_wconf 77' lang='grc' dir='ltr'><strong><em>άνθρωπον</em></strong></span> <span class='ocrx_word' id='word_1_119' title='bbox 523 1785 696 1872; x_wconf 70' lang='grc' dir='ltr'><strong><em>δεραττεάις</em></strong></span> <span class='ocrx_word' id='word_1_120' title='bbox 715 1809 747 1851; x_wconf 84' lang='grc' dir='ltr'><strong><em>τε</em></strong></span> <span class='ocrx_word' id='word_1_121' title='bbox 781 1785 892 1871; x_wconf 76' lang='grc' dir='ltr'><strong><em>ἱκανῆς</em></strong></span> <span class='ocrx_word' id='word_1_122' title='bbox 909 1789 1076 1869; x_wconf 86' lang='grc' dir='ltr'><strong><em>μετεδίδου</em></strong></span> <span class='ocrx_word' id='word_1_123' title='bbox 1095 1790 1150 1852; x_wconf 89' lang='grc' dir='ltr'><strong><em>καί</em></strong></span> <span class='ocrx_word' id='word_1_124' title='bbox 1168 1783 1367 1869; x_wconf 60' lang='grc' dir='ltr'><strong><em>συγγινόμε,</em></strong></span> 
     </span>
     <span class='ocr_line' id='line_1_16' title="bbox 261 1878 1400 1974; baseline -0.003 -22"><span class='ocrx_word' id='word_1_125' title='bbox 261 1909 313 1961; x_wconf 90' lang='grc' dir='ltr'><strong><em>νας</em></strong></span> <span class='ocrx_word' id='word_1_126' title='bbox 334 1886 368 1951; x_wconf 90' lang='grc' dir='ltr'><strong><em>τό</em></strong></span> <span class='ocrx_word' id='word_1_127' title='bbox 392 1878 470 1968; x_wconf 86' lang='grc' dir='ltr'><strong><em>άχος</em></strong></span> <span class='ocrx_word' id='word_1_128' title='bbox 493 1887 654 1973; x_wconf 82' lang='grc' dir='ltr'><strong><em>ἐκούφιζε,</em></strong></span> <span class='ocrx_word' id='word_1_129' title='bbox 677 1889 732 1950; x_wconf 87' lang='grc' dir='ltr'><strong><em>καί</em></strong></span> <span class='ocrx_word' id='word_1_130' title='bbox 753 1889 889 1970; x_wconf 87' lang='grc' dir='ltr'><strong><em>μετρίως</em></strong></span> <span class='ocrx_word' id='word_1_131' title='bbox 911 1889 1017 1974; x_wconf 80' lang='grc' dir='ltr'><strong><em>ἐκείνην</em></strong></span> <span class='ocrx_word' id='word_1_132' title='bbox 1035 1887 1274 1972; x_wconf 72' lang='grc' dir='ltr'><strong><em>προσφέρεσθαι</em></strong></span> <span class='ocrx_word' id='word_1_133' title='bbox 1287 1911 1349 1949; x_wconf 91' lang='grc' dir='ltr'><strong><em>πα.</em></strong></span> <span class='ocrx_word' id='word_1_134' title='bbox 1362 1897 1400 1960; x_wconf 80' lang='lat'><strong><em>15</em></strong></span> 
     </span>
     <span class='ocr_line' id='line_1_17' title="bbox 260 1982 1351 2074; baseline -0.002 -23"><span class='ocrx_word' id='word_1_135' title='bbox 260 1983 349 2074; x_wconf 81' lang='grc' dir='ltr'><strong><em>ρῄνει</em></strong></span> <span class='ocrx_word' id='word_1_136' title='bbox 368 1991 433 2063; x_wconf 80' lang='grc' dir='ltr'><strong><em>τοῖς</em></strong></span> <span class='ocrx_word' id='word_1_137' title='bbox 455 1985 573 2071; x_wconf 81' lang='grc' dir='ltr'><strong><em>φύλαξι</em></strong></span> <span class='ocrx_word' id='word_1_138' title='bbox 598 1987 681 2070; x_wconf 84' lang='grc' dir='ltr'><strong><em>μηδὲ</em></strong></span> <span class='ocrx_word' id='word_1_139' title='bbox 710 1989 856 2070; x_wconf 75' lang='grc' dir='ltr'><strong><em>γίνεσθαι</em></strong></span> <span class='ocrx_word' id='word_1_140' title='bbox 876 1989 1070 2072; x_wconf 83' lang='grc' dir='ltr'><strong><em>βαρυτέρους</em></strong></span> <span class='ocrx_word' id='word_1_141' title='bbox 1093 1982 1189 2068; x_wconf 85' lang='grc' dir='ltr'><strong><em>τύχης</em></strong></span> <span class='ocrx_word' id='word_1_142' title='bbox 1207 1987 1263 2067; x_wconf 79' lang='grc' dir='ltr'><strong><em>τῆς</em></strong></span> <span class='ocrx_word' id='word_1_143' title='bbox 1283 1988 1351 2050; x_wconf 73' lang='grc' dir='ltr'><strong><em>ἐνε-</em></strong></span> 
     </span>
    </p>

    <p class='ocr_par' dir='ltr' id='par_1_6' title="bbox 204 2078 1433 2769">
     <span class='ocr_line' id='line_1_18' title="bbox 204 2078 1433 2176; baseline -0.003 -24"><span class='ocrx_word' id='word_1_144' title='bbox 204 2165 207 2170; x_wconf 30' lang='lat'>·</span> <span class='ocrx_word' id='word_1_145' title='bbox 258 2082 393 2171; x_wconf 85' lang='grc' dir='ltr'><strong><em>στιόσης.</em></strong></span> <span class='ocrx_word' id='word_1_146' title='bbox 414 2087 454 2150; x_wconf 89' lang='grc' dir='ltr'><strong><em>ού</em></strong></span> <span class='ocrx_word' id='word_1_147' title='bbox 463 2083 527 2170; x_wconf 74' lang='grc' dir='ltr'><strong><em>μὴν</em></strong></span> <span class='ocrx_word' id='word_1_148' title='bbox 541 2087 609 2150; x_wconf 77' lang='grc' dir='ltr'><strong><em>ἄλλ’</em></strong></span> <span class='ocrx_word' id='word_1_149' title='bbox 626 2085 754 2170; x_wconf 76' lang='grc' dir='ltr'><strong><em>ἡμερῶν</em></strong></span> <span class='ocrx_word' id='word_1_150' title='bbox 767 2087 863 2150; x_wconf 83' lang='grc' dir='ltr'><strong><em>τινιόν</em></strong></span> <span class='ocrx_word' id='word_1_151' title='bbox 882 2078 1182 2171; x_wconf 78' lang='grc' dir='ltr'><strong><em>διαλιποοσάνὲῷος</em></strong></span> <span class='ocrx_word' id='word_1_152' title='bbox 1196 2085 1351 2169; x_wconf 85' lang='grc' dir='ltr'><strong><em>α’πάγεται</em></strong></span> <span class='ocrx_word' id='word_1_153' title='bbox 1425 2155 1433 2176; x_wconf 51' lang='grc' dir='ltr'><em>Ι</em></span> 
     </span>
     <span class='ocr_line' id='line_1_19' title="bbox 261 2181 1350 2274; baseline -0.001 -23"><span class='ocrx_word' id='word_1_154' title='bbox 261 2187 320 2251; x_wconf 81' lang='grc' dir='ltr'><strong><em>τοῦ</em></strong></span> <span class='ocrx_word' id='word_1_155' title='bbox 341 2183 401 2252; x_wconf 73' lang='lat' dir='ltr'>stoi</span> <span class='ocrx_word' id='word_1_156' title='bbox 434 2187 519 2274; x_wconf 77' lang='grc' dir='ltr'><strong><em>δαιτηι</em></strong></span> <span class='ocrx_word' id='word_1_157' title='bbox 555 2182 749 2273; x_wconf 81' lang='grc' dir='ltr'><strong><em>βραχυτάτῳ</em></strong></span> <span class='ocrx_word' id='word_1_158' title='bbox 781 2184 1011 2268; x_wconf 72' lang='grc' dir='ltr'><strong><em>δπικαθημενος</em></strong></span> <span class='ocrx_word' id='word_1_159' title='bbox 1038 2182 1095 2248; x_wconf 85' lang='grc' dir='ltr'><strong><em>καί</em></strong></span> <span class='ocrx_word' id='word_1_160' title='bbox 1113 2181 1350 2268; x_wconf 80' lang='grc' dir='ltr'><strong><em>προοδεύουσατ</em></strong></span> 
     </span>
     <span class='ocr_line' id='line_1_20' title="bbox 259 2279 1350 2370; baseline -0.002 -23"><span class='ocrx_word' id='word_1_161' title='bbox 259 2281 343 2366; x_wconf 79' lang='grc' dir='ltr'><strong><em>ἔχων</em></strong></span> <span class='ocrx_word' id='word_1_162' title='bbox 372 2289 513 2368; x_wconf 88' lang='grc' dir='ltr'><strong><em>σημαίαν</em></strong></span> <span class='ocrx_word' id='word_1_163' title='bbox 546 2286 600 2350; x_wconf 77' lang='grc' dir='ltr'><strong><em>ἐπί</em></strong></span> <span class='ocrx_word' id='word_1_164' title='bbox 626 2282 758 2370; x_wconf 81' lang='grc' dir='ltr'><strong><em>καλάμην</em></strong></span> <span class='ocrx_word' id='word_1_165' title='bbox 779 2279 998 2368; x_wconf 84' lang='grc' dir='ltr'><strong><em>η’νεμωμὲνην,</em></strong></span> <span class='ocrx_word' id='word_1_166' title='bbox 1027 2287 1083 2349; x_wconf 82' lang='grc' dir='ltr'><strong><em>κατ’</em></strong></span> <span class='ocrx_word' id='word_1_167' title='bbox 1103 2281 1350 2369; x_wconf 82' lang='grc' dir='ltr'><strong><em>παροινούμενος</em></strong></span> 
     </span>
     <span class='ocr_line' id='line_1_21' title="bbox 260 2377 1399 2470; baseline 0.005 -25"><span class='ocrx_word' id='word_1_168' title='bbox 260 2377 343 2446; x_wconf 86' lang='grc' dir='ltr'><strong><em>ούτω</em></strong></span> <span class='ocrx_word' id='word_1_169' title='bbox 361 2379 472 2470; x_wconf 76' lang='grc' dir='ltr'><strong><em>κατῄει</em></strong></span> <span class='ocrx_word' id='word_1_170' title='bbox 492 2379 569 2467; x_wconf 84' lang='grc' dir='ltr'><strong><em>πρὸς</em></strong></span> <span class='ocrx_word' id='word_1_171' title='bbox 587 2381 765 2446; x_wconf 82' lang='grc' dir='ltr'><strong><em>θάλασσαν.</em></strong></span> <span class='ocrx_word' id='word_1_172' title='bbox 786 2385 933 2446; x_wconf 74' lang='grc' dir='ltr'><strong><em>κάκεῑθεν</em></strong></span> <span class='ocrx_word' id='word_1_173' title='bbox 952 2385 1169 2468; x_wconf 85' lang='grc' dir='ltr'><strong><em>παραρριφτίς</em></strong></span> <span class='ocrx_word' id='word_1_174' title='bbox 1188 2380 1297 2446; x_wconf 88' lang='grc' dir='ltr'><strong><em>άλιάδι</em></strong></span> <span class='ocrx_word' id='word_1_175' title='bbox 1316 2385 1399 2458; x_wconf 81' lang='grc' dir='ltr'><strong><em>ε’ςτο</em></strong></span> 
     </span>
     <span class='ocr_line' id='line_1_22' title="bbox 259 2478 1349 2567; baseline 0.001 -22"><span class='ocrx_word' id='word_1_176' title='bbox 259 2478 295 2545; x_wconf 91' lang='grc' dir='ltr'><strong><em>τό</em></strong></span> <span class='ocrx_word' id='word_1_177' title='bbox 316 2483 415 2566; x_wconf 78' lang='grc' dir='ltr'><strong><em>πόρον</em></strong></span> <span class='ocrx_word' id='word_1_178' title='bbox 436 2479 583 2564; x_wconf 82' lang='grc' dir='ltr'><strong><em>ἀνάγεται</em></strong></span> <span class='ocrx_word' id='word_1_179' title='bbox 602 2480 683 2565; x_wconf 90' lang='grc' dir='ltr'><strong><em>πρός</em></strong></span> <span class='ocrx_word' id='word_1_180' title='bbox 700 2480 909 2566; x_wconf 88' lang='grc' dir='ltr'><strong><em>Ἀνδρόνικον,</em></strong></span> <span class='ocrx_word' id='word_1_181' title='bbox 930 2480 1036 2546; x_wconf 85' lang='grc' dir='ltr'><strong><em>ἔπειτα</em></strong></span> <span class='ocrx_word' id='word_1_182' title='bbox 1056 2481 1112 2546; x_wconf 83' lang='grc' dir='ltr'><strong><em>καί</em></strong></span> <span class='ocrx_word' id='word_1_183' title='bbox 1129 2478 1204 2557; x_wconf 92' lang='grc' dir='ltr'><strong><em>τούς</em></strong></span> <span class='ocrx_word' id='word_1_184' title='bbox 1224 2479 1349 2567; x_wconf 78' lang='grc' dir='ltr'><strong><em>δφθαλ-</em></strong></span> 
     </span>
     <span class='ocr_line' id='line_1_23' title="bbox 258 2577 1349 2669; baseline 0.002 -25"><span class='ocrx_word' id='word_1_185' title='bbox 258 2579 340 2662; x_wconf 88' lang='grc' dir='ltr'><strong><em>μούς</em></strong></span> <span class='ocrx_word' id='word_1_186' title='bbox 368 2577 583 2664; x_wconf 80' lang='grc' dir='ltr'><strong><em>ἐξορύττεται,</em></strong></span> <span class='ocrx_word' id='word_1_187' title='bbox 616 2585 725 2656; x_wconf 74' lang='grc' dir='ltr'><strong><em>κοιναῖς</em></strong></span> <span class='ocrx_word' id='word_1_188' title='bbox 759 2579 907 2647; x_wconf 73' lang='grc' dir='ltr'><strong><em>ἁπάντων</em></strong></span> <span class='ocrx_word' id='word_1_189' title='bbox 934 2583 999 2646; x_wconf 77' lang='grc' dir='ltr'><strong><em>ταῖν</em></strong></span> <span class='ocrx_word' id='word_1_190' title='bbox 1020 2583 1055 2648; x_wconf 76' lang='grc' dir='ltr'><strong><em>ἐν</em></strong></span> <span class='ocrx_word' id='word_1_191' title='bbox 1072 2582 1216 2669; x_wconf 78' lang='grc' dir='ltr'><strong><em>δπεροχῇ</em></strong></span> <span class='ocrx_word' id='word_1_192' title='bbox 1238 2587 1349 2647; x_wconf 88' lang='grc' dir='ltr'><strong><em>συνελ-</em></strong></span> 
     </span>
     <span class='ocr_line' id='line_1_24' title="bbox 259 2676 1348 2769; baseline 0.001 -25"><span class='ocrx_word' id='word_1_193' title='bbox 259 2676 382 2745; x_wconf 75' lang='grc' dir='ltr'><strong><em>θόντων</em></strong></span> <span class='ocrx_word' id='word_1_194' title='bbox 401 2681 458 2744; x_wconf 84' lang='grc' dir='ltr'><strong><em>καί</em></strong></span> <span class='ocrx_word' id='word_1_195' title='bbox 477 2684 545 2760; x_wconf 88' lang='grc' dir='ltr'><strong><em>μετ’</em></strong></span> <span class='ocrx_word' id='word_1_196' title='bbox 562 2679 763 2768; x_wconf 77' lang='grc' dir='ltr'><strong><em>Ἀνδρονιλιου</em></strong></span> <span class='ocrx_word' id='word_1_197' title='bbox 779 2677 836 2765; x_wconf 76' lang='grc' dir='ltr'><strong><em>τὴν</em></strong></span> <span class='ocrx_word' id='word_1_198' title='bbox 854 2677 1004 2768; x_wconf 85' lang='grc' dir='ltr'><strong><em>τοιαύτην</em></strong></span> <span class='ocrx_word' id='word_1_199' title='bbox 1024 2682 1140 2768; x_wconf 80' lang='grc' dir='ltr'><strong><em>πρᾶξιν</em></strong></span> <span class='ocrx_word' id='word_1_200' title='bbox 1160 2684 1348 2769; x_wconf 80' lang='grc' dir='ltr'><strong><em>κυρωσαμί·</em></strong></span> 
     </span>
    </p>

    <p class='ocr_par' dir='ltr' id='par_1_7' title="bbox 329 2829 1349 2904">
     <span class='ocr_line' id='line_1_25' title="bbox 329 2829 1349 2904; baseline 0.002 -22"><span class='ocrx_word' id='word_1_201' title='bbox 329 2847 354 2882; x_wconf 82' lang='lat' dir='ltr'>a.</span> <span class='ocrx_word' id='word_1_202' title='bbox 373 2829 515 2889; x_wconf 83' lang='grc' dir='ltr'><strong><em>πλειόνως</em></strong></span> <span class='ocrx_word' id='word_1_203' title='bbox 532 2831 563 2882; x_wconf 82' lang='grc' dir='ltr'><strong><em>Α.</em></strong></span> <span class='ocrx_word' id='word_1_204' title='bbox 655 2831 679 2884; x_wconf 87' lang='grc'><strong><em>5.</em></strong></span> <span class='ocrx_word' id='word_1_205' title='bbox 699 2829 746 2903; x_wconf 69' lang='grc' dir='ltr'><strong><em>ω’ς]</em></strong></span> <span class='ocrx_word' id='word_1_206' title='bbox 764 2833 812 2882; x_wconf 79' lang='grc' dir='ltr'><strong><em>καὶ</em></strong></span> <span class='ocrx_word' id='word_1_207' title='bbox 830 2833 860 2882; x_wconf 84' lang='grc' dir='ltr'><strong><em>λ.</em></strong></span> <span class='ocrx_word' id='word_1_208' title='bbox 966 2835 991 2885; x_wconf 87' lang='grc'><strong><em>6.</em></strong></span> <span class='ocrx_word' id='word_1_209' title='bbox 1013 2830 1152 2886; x_wconf 74' lang='grc' dir='ltr'><strong><em>δπσσπιλν</em></strong></span> <span class='ocrx_word' id='word_1_210' title='bbox 1171 2830 1349 2904; x_wconf 71' lang='grc' dir='ltr'><strong><em>πειρώμενος</em></strong></span> 
     </span>
    </p>
   </div>
   <div class='ocr_carea' id='block_1_4' title="bbox 328 2897 1345 3046">
    <p class='ocr_par' dir='ltr' id='par_1_8' title="bbox 328 2897 1345 3046">
     <span class='ocr_line' id='line_1_26' title="bbox 328 2897 1345 2977; baseline -0.001 -23"><span class='ocrx_word' id='word_1_211' title='bbox 328 2901 368 2959; x_wconf 73' lang='lat' dir='ltr'>oie</span> <span class='ocrx_word' id='word_1_212' title='bbox 386 2902 417 2954; x_wconf 75' lang='grc' dir='ltr'><strong><em>Α.</em></strong></span> <span class='ocrx_word' id='word_1_213' title='bbox 507 2903 545 2955; x_wconf 85' lang='lat'><strong><em>15.</em></strong></span> <span class='ocrx_word' id='word_1_214' title='bbox 564 2897 657 2970; x_wconf 79' lang='grc' dir='ltr'><strong><em>άχδος</em></strong></span> <span class='ocrx_word' id='word_1_215' title='bbox 676 2903 706 2952; x_wconf 86' lang='grc' dir='ltr'><strong><em>Α.</em></strong></span> <span class='ocrx_word' id='word_1_216' title='bbox 801 2919 839 2972; x_wconf 84' lang='grc' dir='ltr'><strong><em>ιγ.</em></strong></span> <span class='ocrx_word' id='word_1_217' title='bbox 859 2899 1068 2977; x_wconf 65' lang='lat' dir='ltr'>damnamus]</span> <span class='ocrx_word' id='word_1_218' title='bbox 1087 2903 1299 2977; x_wconf 78' lang='grc' dir='ltr'><strong><em>διαγενομένων</em></strong></span> <span class='ocrx_word' id='word_1_219' title='bbox 1314 2905 1345 2955; x_wconf 82' lang='grc' dir='ltr'><strong><em>Δ.</em></strong></span> 
     </span>
     <span class='ocr_line' id='line_1_27' title="bbox 329 2971 1030 3046; baseline 0.001 -24"><span class='ocrx_word' id='word_1_220' title='bbox 329 2987 372 3028; x_wconf 84' lang='lat' dir='ltr'><strong><em>no.</em></strong></span> <span class='ocrx_word' id='word_1_221' title='bbox 390 2971 597 3046; x_wconf 83' lang='grc' dir='ltr'><strong><em>παραρριφελς]</em></strong></span> <span class='ocrx_word' id='word_1_222' title='bbox 623 2973 663 3030; x_wconf 78' lang='grc' dir='ltr'><strong><em>εἰς</em></strong></span> <span class='ocrx_word' id='word_1_223' title='bbox 679 2971 787 3040; x_wconf 82' lang='grc' dir='ltr'><strong><em>βάλκαν</em></strong></span> <span class='ocrx_word' id='word_1_224' title='bbox 811 2973 985 3043; x_wconf 69' lang='grc' dir='ltr'><strong><em>ἐμβάλλουσι</em></strong></span> <span class='ocrx_word' id='word_1_225' title='bbox 1002 2975 1030 3024; x_wconf 88' lang='grc' dir='ltr'><strong><em>Β,</em></strong></span> 
     </span>
    </p>
   </div>
   <div class='ocr_carea' id='block_1_5' title="bbox 166 3107 1347 4315">
    <p class='ocr_par' dir='ltr' id='par_1_9' title="bbox 166 3107 1347 4315">
     <span class='ocr_line' id='line_1_28' title="bbox 259 3107 1346 3178; baseline 0.002 -18"><span class='ocrx_word' id='word_1_226' title='bbox 259 3115 289 3160; x_wconf 91' lang='lat' dir='ltr'>tu</span> <span class='ocrx_word' id='word_1_227' title='bbox 307 3107 477 3177; x_wconf 78' lang='lat' dir='ltr'><strong>prohibetur.</strong></span> <span class='ocrx_word' id='word_1_228' title='bbox 494 3107 543 3159; x_wconf 82' lang='lat' dir='ltr'>sed</span> <span class='ocrx_word' id='word_1_229' title='bbox 560 3107 611 3162; x_wconf 91' lang='lat' dir='ltr'>sub</span> <span class='ocrx_word' id='word_1_230' title='bbox 628 3107 746 3160; x_wconf 87' lang='lat' dir='ltr'>mediam</span> <span class='ocrx_word' id='word_1_231' title='bbox 759 3117 866 3160; x_wconf 84' lang='lat' dir='ltr'>noctem</span> <span class='ocrx_word' id='word_1_232' title='bbox 887 3110 955 3160; x_wconf 80' lang='lat' dir='ltr'>clam</span> <span class='ocrx_word' id='word_1_233' title='bbox 967 3111 1071 3178; x_wconf 80' lang='lat' dir='ltr'>palatio</span> <span class='ocrx_word' id='word_1_234' title='bbox 1088 3108 1202 3161; x_wconf 87' lang='lat' dir='ltr'>eductus</span> <span class='ocrx_word' id='word_1_235' title='bbox 1215 3109 1244 3160; x_wconf 91' lang='lat' dir='ltr'><strong><em>in</em></strong></span> <span class='ocrx_word' id='word_1_236' title='bbox 1263 3107 1346 3162; x_wconf 85' lang='lat' dir='ltr'>aedes</span> 
     </span>
     <span class='ocr_line' id='line_1_29' title="bbox 258 3179 1346 3250; baseline 0 -20"><span class='ocrx_word' id='word_1_237' title='bbox 258 3195 349 3230; x_wconf 83' lang='lat' dir='ltr'>sacrae</span> <span class='ocrx_word' id='word_1_238' title='bbox 365 3179 472 3242; x_wconf 84' lang='lat' dir='ltr'>euriae,</span> <span class='ocrx_word' id='word_1_239' title='bbox 496 3195 563 3248; x_wconf 89' lang='lat' dir='ltr'>quas</span> <span class='ocrx_word' id='word_1_240' title='bbox 581 3179 734 3247; x_wconf 85' lang='lat' dir='ltr'>patriarcba</span> <span class='ocrx_word' id='word_1_241' title='bbox 753 3179 872 3230; x_wconf 83' lang='lat' dir='ltr'>llliclrael</span> <span class='ocrx_word' id='word_1_242' title='bbox 898 3183 1009 3243; x_wconf 73' lang='lat' dir='ltr'>struxit,</span> <span class='ocrx_word' id='word_1_243' title='bbox 1028 3181 1203 3250; x_wconf 80' lang='lat' dir='ltr'>perducitur,</span> <span class='ocrx_word' id='word_1_244' title='bbox 1221 3196 1280 3231; x_wconf 89' lang='lat' dir='ltr'><strong><em>eum</em></strong></span> <span class='ocrx_word' id='word_1_245' title='bbox 1299 3195 1346 3231; x_wconf 79' lang='lat' dir='ltr'><strong><em>ea-</em></strong></span> 
     </span>
     <span class='ocr_line' id='line_1_30' title="bbox 258 3248 1347 3320; baseline 0 -20"><span class='ocrx_word' id='word_1_246' title='bbox 258 3248 320 3300; x_wconf 86' lang='lat' dir='ltr'><strong><em>dem</em></strong></span> <span class='ocrx_word' id='word_1_247' title='bbox 339 3257 367 3301; x_wconf 89' lang='lat' dir='ltr'>et</span> <span class='ocrx_word' id='word_1_248' title='bbox 383 3251 486 3300; x_wconf 83' lang='lat' dir='ltr'>maiore</span> <span class='ocrx_word' id='word_1_249' title='bbox 503 3267 535 3300; x_wconf 83' lang='lat' dir='ltr'><strong><em>ae</em></strong></span> <span class='ocrx_word' id='word_1_250' title='bbox 552 3249 670 3301; x_wconf 83' lang='lat' dir='ltr'>firmiore</span> <span class='ocrx_word' id='word_1_251' title='bbox 689 3249 822 3301; x_wconf 79' lang='lat' dir='ltr'>custodia.</span> <span class='ocrx_word' id='word_1_252' title='bbox 841 3269 857 3300; x_wconf 93' lang='lat' dir='ltr'>o</span> <span class='ocrx_word' id='word_1_253' title='bbox 878 3251 1093 3302; x_wconf 79' lang='lat' dir='ltr'>vicissitudinem</span> <span class='ocrx_word' id='word_1_254' title='bbox 1110 3267 1199 3302; x_wconf 90' lang='lat' dir='ltr'>rerum</span> <span class='ocrx_word' id='word_1_255' title='bbox 1219 3251 1347 3320; x_wconf 87' lang='lat' dir='ltr'>aliquan-</span> 
     </span>
     <span class='ocr_line' id='line_1_31' title="bbox 258 3319 1347 3390; baseline 0.002 -20"><span class='ocrx_word' id='word_1_256' title='bbox 258 3319 294 3370; x_wconf 92' lang='lat' dir='ltr'><strong><em>do</em></strong></span> <span class='ocrx_word' id='word_1_257' title='bbox 315 3320 389 3372; x_wconf 87' lang='lat' dir='ltr'>dieto</span> <span class='ocrx_word' id='word_1_258' title='bbox 409 3321 490 3372; x_wconf 86' lang='lat' dir='ltr'>citius</span> <span class='ocrx_word' id='word_1_259' title='bbox 510 3321 688 3390; x_wconf 81' lang='lat' dir='ltr'><strong>ingruentem.</strong></span> <span class='ocrx_word' id='word_1_260' title='bbox 706 3321 730 3371; x_wconf 85' lang='lat' dir='ltr'><strong><em>is</em></strong></span> <span class='ocrx_word' id='word_1_261' title='bbox 749 3321 798 3389; x_wconf 93' lang='lat' dir='ltr'>qui</span> <span class='ocrx_word' id='word_1_262' title='bbox 817 3320 906 3389; x_wconf 84' lang='lat' dir='ltr'>pridie</span> <span class='ocrx_word' id='word_1_263' title='bbox 924 3323 1028 3372; x_wconf 88' lang='lat' dir='ltr'>bellum</span> <span class='ocrx_word' id='word_1_264' title='bbox 1042 3322 1240 3373; x_wconf 81' lang='lat' dir='ltr'>atrocissimum</span> <span class='ocrx_word' id='word_1_265' title='bbox 1257 3322 1347 3372; x_wconf 81' lang='lat' dir='ltr'>eecle-</span> 
     </span>
     <span class='ocr_line' id='line_1_32' title="bbox 258 3391 1347 3461; baseline 0.002 -21"><span class='ocrx_word' id='word_1_266' title='bbox 258 3391 314 3440; x_wconf 86' lang='lat' dir='ltr'>siae</span> <span class='ocrx_word' id='word_1_267' title='bbox 334 3391 483 3454; x_wconf 86' lang='lat' dir='ltr'>intulerat,</span> <span class='ocrx_word' id='word_1_268' title='bbox 502 3391 667 3461; x_wconf 87' lang='lat' dir='ltr'>amplissima</span> <span class='ocrx_word' id='word_1_269' title='bbox 685 3391 791 3458; x_wconf 79' lang='lat' dir='ltr'>familia</span> <span class='ocrx_word' id='word_1_270' title='bbox 815 3400 906 3454; x_wconf 72' lang='lat' dir='ltr'>onus,</span> <span class='ocrx_word' id='word_1_271' title='bbox 925 3392 955 3443; x_wconf 90' lang='lat' dir='ltr'><strong><em>in</em></strong></span> <span class='ocrx_word' id='word_1_272' title='bbox 974 3409 1078 3444; x_wconf 82' lang='lat' dir='ltr'>sunrnro</span> <span class='ocrx_word' id='word_1_273' title='bbox 1098 3393 1206 3460; x_wconf 78' lang='lat' dir='ltr'>fastigio</span> <span class='ocrx_word' id='word_1_274' title='bbox 1227 3392 1347 3444; x_wconf 81' lang='lat' dir='ltr'>colloca-</span> 
     </span>
     <span class='ocr_line' id='line_1_33' title="bbox 257 3461 1345 3532; baseline 0.003 -21"><span class='ocrx_word' id='word_1_275' title='bbox 257 3467 316 3520; x_wconf 81' lang='lat' dir='ltr'>tus,</span> <span class='ocrx_word' id='word_1_276' title='bbox 334 3461 382 3529; x_wconf 88' lang='lat' dir='ltr'>qui</span> <span class='ocrx_word' id='word_1_277' title='bbox 401 3470 494 3513; x_wconf 84' lang='lat' dir='ltr'>contra</span> <span class='ocrx_word' id='word_1_278' title='bbox 521 3463 638 3514; x_wconf 80' lang='lat' dir='ltr'>officium</span> <span class='ocrx_word' id='word_1_279' title='bbox 656 3463 794 3532; x_wconf 83' lang='lat' dir='ltr'>supplices</span> <span class='ocrx_word' id='word_1_280' title='bbox 824 3461 890 3514; x_wconf 88' lang='lat' dir='ltr'>inde</span> <span class='ocrx_word' id='word_1_281' title='bbox 911 3463 1068 3515; x_wconf 74' lang='lat' dir='ltr'>abstrahere</span> <span class='ocrx_word' id='word_1_282' title='bbox 1086 3463 1244 3526; x_wconf 72' lang='lat' dir='ltr'>studuerat,</span> <span class='ocrx_word' id='word_1_283' title='bbox 1262 3479 1345 3530; x_wconf 83' lang='lat' dir='ltr'>quesn</span> 
     </span>
     <span class='ocr_line' id='line_1_34' title="bbox 257 3531 1345 3602; baseline 0.005 -23"><span class='ocrx_word' id='word_1_284' title='bbox 257 3531 342 3580; x_wconf 81' lang='lat' dir='ltr'>multa</span> <span class='ocrx_word' id='word_1_285' title='bbox 360 3531 448 3581; x_wconf 90' lang='lat' dir='ltr'>millia</span> <span class='ocrx_word' id='word_1_286' title='bbox 469 3532 721 3597; x_wconf 75' lang='lat' dir='ltr'>circumsonabant,</span> <span class='ocrx_word' id='word_1_287' title='bbox 748 3535 771 3584; x_wconf 84' lang='lat' dir='ltr'><strong><em>is</em></strong></span> <span class='ocrx_word' id='word_1_288' title='bbox 795 3532 925 3602; x_wconf 83' lang='lat' dir='ltr'>perendie</span> <span class='ocrx_word' id='word_1_289' title='bbox 944 3534 1068 3599; x_wconf 78' lang='lat' dir='ltr'>uinctus,</span> <span class='ocrx_word' id='word_1_290' title='bbox 1089 3535 1219 3597; x_wconf 81' lang='lat' dir='ltr'>extorris,</span> <span class='ocrx_word' id='word_1_291' title='bbox 1236 3533 1345 3584; x_wconf 87' lang='lat' dir='ltr'>nullum</span> 
     </span>
     <span class='ocr_line' id='line_1_35' title="bbox 257 3599 1345 3675; baseline 0.002 -23"><span class='ocrx_word' id='word_1_292' title='bbox 257 3599 459 3670; x_wconf 83' lang='lat' dir='ltr'>pedissequum,</span> <span class='ocrx_word' id='word_1_293' title='bbox 476 3603 583 3654; x_wconf 88' lang='lat' dir='ltr'>nullum</span> <span class='ocrx_word' id='word_1_294' title='bbox 605 3603 768 3666; x_wconf 85' lang='lat' dir='ltr'>adiutorem,</span> <span class='ocrx_word' id='word_1_295' title='bbox 786 3604 894 3655; x_wconf 89' lang='lat' dir='ltr'>nullum</span> <span class='ocrx_word' id='word_1_296' title='bbox 911 3604 1047 3656; x_wconf 81' lang='lat' dir='ltr'>vindicem</span> <span class='ocrx_word' id='word_1_297' title='bbox 1064 3605 1170 3656; x_wconf 70' lang='lat' dir='ltr'>habuit.</span> <span class='ocrx_word' id='word_1_298' title='bbox 1189 3621 1261 3675; x_wconf 86' lang='lat' dir='ltr'>quae</span> <span class='ocrx_word' id='word_1_299' title='bbox 1283 3621 1345 3654; x_wconf 86' lang='lat' dir='ltr'>curn</span> 
     </span>
     <span class='ocr_line' id='line_1_36' title="bbox 256 3671 1346 3744; baseline 0.004 -22"><span class='ocrx_word' id='word_1_300' title='bbox 256 3687 336 3739; x_wconf 79' lang='lat' dir='ltr'>aegre</span> <span class='ocrx_word' id='word_1_301' title='bbox 364 3671 463 3734; x_wconf 87' lang='lat' dir='ltr'>ferret,</span> <span class='ocrx_word' id='word_1_302' title='bbox 488 3672 559 3724; x_wconf 90' lang='lat' dir='ltr'>illud</span> <span class='ocrx_word' id='word_1_303' title='bbox 584 3676 668 3742; x_wconf 80' lang='lat' dir='ltr'>magis</span> <span class='ocrx_word' id='word_1_304' title='bbox 696 3674 878 3744; x_wconf 79' lang='lat' dir='ltr'>querebatur,</span> <span class='ocrx_word' id='word_1_305' title='bbox 903 3675 980 3744; x_wconf 84' lang='lat' dir='ltr'>quod</span> <span class='ocrx_word' id='word_1_306' title='bbox 1003 3693 1020 3726; x_wconf 90' lang='lat' dir='ltr'>a</span> <span class='ocrx_word' id='word_1_307' title='bbox 1047 3675 1207 3728; x_wconf 83' lang='lat' dir='ltr'>custodibus</span> <span class='ocrx_word' id='word_1_308' title='bbox 1226 3674 1346 3728; x_wconf 88' lang='lat' dir='ltr'>dormire</span> 
     </span>
     <span class='ocr_line' id='line_1_37' title="bbox 166 3739 1347 3813; baseline 0.008 -26"><span class='ocrx_word' id='word_1_309' title='bbox 166 3781 169 3787; x_wconf 93' lang='lat'>.</span> <span class='ocrx_word' id='word_1_310' title='bbox 256 3739 464 3811; x_wconf 80' lang='lat' dir='ltr'>prohiberetur,</span> <span class='ocrx_word' id='word_1_311' title='bbox 487 3742 605 3798; x_wconf 84' lang='lat' dir='ltr'>subinde</span> <span class='ocrx_word' id='word_1_312' title='bbox 630 3745 797 3796; x_wconf 84' lang='lat' dir='ltr'>irruentibus</span> <span class='ocrx_word' id='word_1_313' title='bbox 825 3754 854 3796; x_wconf 90' lang='lat' dir='ltr'>et</span> <span class='ocrx_word' id='word_1_314' title='bbox 870 3747 989 3798; x_wconf 78' lang='lat' dir='ltr'>immotis</span> <span class='ocrx_word' id='word_1_315' title='bbox 1009 3747 1096 3799; x_wconf 86' lang='lat' dir='ltr'>oculis</span> <span class='ocrx_word' id='word_1_316' title='bbox 1116 3755 1205 3798; x_wconf 80' lang='lat' dir='ltr'>astare</span> <span class='ocrx_word' id='word_1_317' title='bbox 1222 3747 1347 3813; x_wconf 81' lang='lat' dir='ltr'>cogenti-</span> 
     </span>
     <span class='ocr_line' id='line_1_38' title="bbox 257 3811 1346 3880; baseline 0.003 -16"><span class='ocrx_word' id='word_1_318' title='bbox 257 3811 340 3864; x_wconf 90' lang='lat' dir='ltr'>tibus.</span> <span class='ocrx_word' id='word_1_319' title='bbox 364 3820 394 3863; x_wconf 85' lang='lat' dir='ltr'>at</span> <span class='ocrx_word' id='word_1_320' title='bbox 415 3812 569 3880; x_wconf 81' lang='lat' dir='ltr'>patriarcba</span> <span class='ocrx_word' id='word_1_321' title='bbox 598 3815 701 3868; x_wconf 82' lang='lat' dir='ltr'>oblitus</span> <span class='ocrx_word' id='word_1_322' title='bbox 719 3817 897 3880; x_wconf 88' lang='lat' dir='ltr'>iniuriarum,</span> <span class='ocrx_word' id='word_1_323' title='bbox 916 3825 945 3869; x_wconf 89' lang='lat' dir='ltr'>et</span> <span class='ocrx_word' id='word_1_324' title='bbox 962 3826 1084 3870; x_wconf 82' lang='lat' dir='ltr'>mutatae</span> <span class='ocrx_word' id='word_1_325' title='bbox 1102 3817 1229 3868; x_wconf 73' lang='lat' dir='ltr'>fortunae</span> <span class='ocrx_word' id='word_1_326' title='bbox 1248 3818 1346 3867; x_wconf 81' lang='lat' dir='ltr'>mirer·</span> 
     </span>
     <span class='ocr_line' id='line_1_39' title="bbox 257 3885 1347 3956; baseline 0.004 -22"><span class='ocrx_word' id='word_1_327' title='bbox 257 3890 315 3944; x_wconf 86' lang='lat' dir='ltr'>tus,</span> <span class='ocrx_word' id='word_1_328' title='bbox 333 3899 389 3934; x_wconf 91' lang='lat' dir='ltr'><strong><em>non</em></strong></span> <span class='ocrx_word' id='word_1_329' title='bbox 408 3899 517 3952; x_wconf 81' lang='lat' dir='ltr'>parvam</span> <span class='ocrx_word' id='word_1_330' title='bbox 543 3885 601 3937; x_wconf 89' lang='lat' dir='ltr'>eius</span> <span class='ocrx_word' id='word_1_331' title='bbox 622 3903 712 3938; x_wconf 86' lang='lat' dir='ltr'>curam</span> <span class='ocrx_word' id='word_1_332' title='bbox 736 3887 834 3955; x_wconf 82' lang='lat' dir='ltr'>gessit,</span> <span class='ocrx_word' id='word_1_333' title='bbox 854 3895 882 3939; x_wconf 87' lang='lat' dir='ltr'>et</span> <span class='ocrx_word' id='word_1_334' title='bbox 899 3904 969 3940; x_wconf 88' lang='lat' dir='ltr'>onus</span> <span class='ocrx_word' id='word_1_335' title='bbox 986 3888 1059 3939; x_wconf 89' lang='lat' dir='ltr'>illud</span> <span class='ocrx_word' id='word_1_336' title='bbox 1079 3905 1128 3940; x_wconf 87' lang='lat' dir='ltr'>suo</span> <span class='ocrx_word' id='word_1_337' title='bbox 1145 3887 1285 3956; x_wconf 85' lang='lat' dir='ltr'>colloquio</span> <span class='ocrx_word' id='word_1_338' title='bbox 1303 3886 1347 3938; x_wconf 88' lang='lat' dir='ltr'>le-</span> 
     </span>
     <span class='ocr_line' id='line_1_40' title="bbox 256 3953 1345 4029; baseline 0.004 -25"><span class='ocrx_word' id='word_1_339' title='bbox 256 3954 338 4015; x_wconf 80' lang='lat' dir='ltr'>vavit,</span> <span class='ocrx_word' id='word_1_340' title='bbox 357 3953 469 4005; x_wconf 85' lang='lat' dir='ltr'>hortans</span> <span class='ocrx_word' id='word_1_341' title='bbox 489 3962 520 4007; x_wconf 88' lang='lat' dir='ltr'>ut</span> <span class='ocrx_word' id='word_1_342' title='bbox 533 3956 672 4010; x_wconf 85' lang='lat' dir='ltr'>moderate</span> <span class='ocrx_word' id='word_1_343' title='bbox 690 3975 749 4008; x_wconf 90' lang='lat' dir='ltr'>cum</span> <span class='ocrx_word' id='word_1_344' title='bbox 770 3957 929 4010; x_wconf 79' lang='lat' dir='ltr'>custodibus</span> <span class='ocrx_word' id='word_1_345' title='bbox 948 3968 1049 4029; x_wconf 79' lang='lat' dir='ltr'>ageret,</span> <span class='ocrx_word' id='word_1_346' title='bbox 1066 3975 1158 4029; x_wconf 87' lang='lat' dir='ltr'>neque</span> <span class='ocrx_word' id='word_1_347' title='bbox 1173 3958 1345 4026; x_wconf 76' lang='lat' dir='ltr'>arrogantius</span> 
     </span>
     <span class='ocr_line' id='line_1_41' title="bbox 256 4025 1346 4099; baseline 0.004 -25"><span class='ocrx_word' id='word_1_348' title='bbox 256 4039 339 4093; x_wconf 87' lang='lat' dir='ltr'>quam</span> <span class='ocrx_word' id='word_1_349' title='bbox 350 4041 399 4094; x_wconf 88' lang='lat' dir='ltr'>pro</span> <span class='ocrx_word' id='word_1_350' title='bbox 413 4025 521 4077; x_wconf 87' lang='lat' dir='ltr'>fortuna</span> <span class='ocrx_word' id='word_1_351' title='bbox 533 4026 699 4096; x_wconf 84' lang='lat' dir='ltr'>loqueretur.</span> <span class='ocrx_word' id='word_1_352' title='bbox 720 4029 828 4097; x_wconf 81' lang='lat' dir='ltr'>aliquot</span> <span class='ocrx_word' id='word_1_353' title='bbox 845 4028 943 4081; x_wconf 91' lang='lat' dir='ltr'>diebus</span> <span class='ocrx_word' id='word_1_354' title='bbox 965 4030 1065 4099; x_wconf 77' lang='lat' dir='ltr'>elapsis</span> <span class='ocrx_word' id='word_1_355' title='bbox 1082 4029 1217 4082; x_wconf 87' lang='lat' dir='ltr'>matutino</span> <span class='ocrx_word' id='word_1_356' title='bbox 1238 4037 1346 4096; x_wconf 83' lang='lat' dir='ltr'>tempo-</span> 
     </span>
     <span class='ocr_line' id='line_1_42' title="bbox 256 4095 1345 4170; baseline 0.005 -25"><span class='ocrx_word' id='word_1_357' title='bbox 256 4111 285 4145; x_wconf 91' lang='lat' dir='ltr'><strong><em>re</em></strong></span> <span class='ocrx_word' id='word_1_358' title='bbox 305 4111 339 4146; x_wconf 85' lang='lat' dir='ltr'>ex</span> <span class='ocrx_word' id='word_1_359' title='bbox 362 4097 464 4166; x_wconf 85' lang='lat' dir='ltr'>templo</span> <span class='ocrx_word' id='word_1_360' title='bbox 490 4095 649 4162; x_wconf 88' lang='lat' dir='ltr'>abducitur,</span> <span class='ocrx_word' id='word_1_361' title='bbox 673 4107 701 4150; x_wconf 89' lang='lat' dir='ltr'>et</span> <span class='ocrx_word' id='word_1_362' title='bbox 724 4099 907 4151; x_wconf 82' lang='lat' dir='ltr'>minutissimo</span> <span class='ocrx_word' id='word_1_363' title='bbox 925 4101 1028 4169; x_wconf 82' lang='lat' dir='ltr'>equulo</span> <span class='ocrx_word' id='word_1_364' title='bbox 1046 4101 1205 4170; x_wconf 82' lang='lat' dir='ltr'>impositus,</span> <span class='ocrx_word' id='word_1_365' title='bbox 1225 4099 1345 4162; x_wconf 77' lang='lat' dir='ltr'>vexillo,</span> 
     </span>
     <span class='ocr_line' id='line_1_43' title="bbox 257 4166 1345 4239; baseline 0.004 -23"><span class='ocrx_word' id='word_1_366' title='bbox 257 4166 330 4236; x_wconf 89' lang='lat' dir='ltr'>quod</span> <span class='ocrx_word' id='word_1_367' title='bbox 349 4166 378 4219; x_wconf 92' lang='lat' dir='ltr'><strong><em>in</em></strong></span> <span class='ocrx_word' id='word_1_368' title='bbox 395 4167 498 4220; x_wconf 86' lang='lat' dir='ltr'>calamo</span> <span class='ocrx_word' id='word_1_369' title='bbox 516 4169 716 4231; x_wconf 79' lang='lat' dir='ltr'>ventilabatur,</span> <span class='ocrx_word' id='word_1_370' title='bbox 736 4179 894 4238; x_wconf 78' lang='lat' dir='ltr'>praeeunte,</span> <span class='ocrx_word' id='word_1_371' title='bbox 912 4187 961 4239; x_wconf 83' lang='lat' dir='ltr'><strong><em>per</em></strong></span> <span class='ocrx_word' id='word_1_372' title='bbox 977 4170 1129 4222; x_wconf 87' lang='lat' dir='ltr'>ludibrium</span> <span class='ocrx_word' id='word_1_373' title='bbox 1148 4170 1182 4222; x_wconf 90' lang='lat' dir='ltr'>ad</span> <span class='ocrx_word' id='word_1_374' title='bbox 1201 4187 1276 4222; x_wconf 87' lang='lat' dir='ltr'>mare</span> <span class='ocrx_word' id='word_1_375' title='bbox 1294 4169 1345 4221; x_wconf 88' lang='lat' dir='ltr'>de-</span> 
     </span>
     <span class='ocr_line' id='line_1_44' title="bbox 257 4235 1345 4315; baseline 0.004 -25"><span class='ocrx_word' id='word_1_376' title='bbox 257 4237 354 4315; x_wconf 75' lang='lat' dir='ltr'>ductus</span> <span class='ocrx_word' id='word_1_377' title='bbox 379 4247 407 4292; x_wconf 88' lang='lat' dir='ltr'>et</span> <span class='ocrx_word' id='word_1_378' title='bbox 432 4239 462 4294; x_wconf 92' lang='lat' dir='ltr'><strong><em>in</em></strong></span> <span class='ocrx_word' id='word_1_379' title='bbox 479 4237 588 4302; x_wconf 72' lang='lat' dir='ltr'>lintrem</span> <span class='ocrx_word' id='word_1_380' title='bbox 612 4241 750 4293; x_wconf 78' lang='lat' dir='ltr'>coniectus</span> <span class='ocrx_word' id='word_1_381' title='bbox 776 4239 811 4292; x_wconf 82' lang='lat' dir='ltr'>ad</span> <span class='ocrx_word' id='word_1_382' title='bbox 827 4240 1012 4298; x_wconf 74' lang='lat' dir='ltr'>Andronicum</span> <span class='ocrx_word' id='word_1_383' title='bbox 1031 4235 1161 4296; x_wconf 73' lang='lat' dir='ltr'>defertur.</span> <span class='ocrx_word' id='word_1_384' title='bbox 1178 4249 1243 4314; x_wconf 81' lang='lat' dir='ltr'>post</span> <span class='ocrx_word' id='word_1_385' title='bbox 1259 4241 1345 4296; x_wconf 79' lang='lat' dir='ltr'>stiam</span> 
     </span>
    </p>
   </div>
   <div class='ocr_carea' id='block_1_6' title="bbox 0 0 1514 4892">
    <p class='ocr_par' dir='ltr' id='par_1_10' title="bbox 0 0 1514 4892">
     <span class='ocr_line' id='line_1_45' title="bbox 0 0 1514 4892; baseline 0 3"><span class='ocrx_word' id='word_1_386' title='bbox 0 0 1514 4892; x_wconf 95' lang='lat' dir='ltr'><strong><em> </em></strong></span> 
     </span>
    </p>
   </div>
  </div>
 </body>
</html>
