3017 4892
391 338 446 402 nr
480 332 645 403 rsaacro
681 330 845 400 suono
874 334 949 402 sn.
979 340 1033 402 ιιι.
1155 308 1235 423 59¹

156 487 263 577 βάζειν
285 491 484 572 α’άιάγνωστα
507 485 608 571 λόγια.
652 484 817 551 άπεσιοόπα
838 488 875 551 δὲ
899 485 977 549 sciui
995 491 1065 563 ταῖς
1084 492 1244 565 πλείσταις

156 594 219 658 τοῖν
240 585 382 655 πεόσεωκ
404 586 498 671 αἵπερ
519 587 607 675 crispi
632 585 721 671 παρά
757 587 821 651 τάν
848 585 1042 671 προσιόντων
1072 578 1242 670 ἐπήγοντο,

156 690 213 755 καί
233 685 293 763 τάς
314 685 431 761 οἰκείοις
453 682 582 770 πράξεις
608 681 802 767 μεταβάσεσι
832 687 975 761 τυπικαῖς
1006 680 1062 748 καὶ
1088 707 1242 767 σχηματι-

156 794 249 869 σμοῖς
271 786 417 869 ἐπέραινε
437 788 602 859 Πανικοῖς.
646 783 829 849 συνεστῶτα
846 784 883 847 δὲ
897 784 1014 866 γύναια
1037 781 1151 867 γραϊκά
1170 808 1243 849 τινα

128 883 423 969 §stupetactus
443 905 478 946 τε
497 882 553 946 καί
571 881 832 964 κωθωνιζόμενα,
853 879 934 946 κατά
955 884 1041 964 γένος
1061 883 1148 969 uitri
1166 906 1246 949 συν-

156 980 320 1064 απτόμενα
332 1032 342 1064 ,
366 980 544 1067 όφηγοῦντο
571 990 637 1058 τοῖς
666 978 906 1063 παραβάλλουσι
926 978 963 1046 τά
985 979 1046 1046 όπό
1064 982 1123 1046 τοό
1142 984 1244 1045 Βασι-

156 1080 267 1149 taxabo
289 1079 484 1162 τελούμενα,
506 1073 524 1143 ό
546 1105 577 1145 τι
594 1084 659 1145 τῶν
678 1082 894 1163 γενησομένων
911 1079 1170 1165 τεκμηριάζουσι,
1189 1083 1246 1145 καί
1288 1084 1291 1089 ’

155 1179 215 1267 τήν
234 1178 328 1265 σιγὴν
348 1174 392 1256 ὥς
411 1202 441 1245 τι
462 1180 677 1265 φθεγγομένην
700 1180 755 1243 καί
774 1176 998 1262 ὕποόηλοῦσαν
1020 1176 1122 1266 σοφόν
1140 1176 1245 1265 διεσή-

156 1302 281 1364 μαινον.
321 1276 423 1345 έόόιιει
441 1272 498 1344 σόν
518 1276 536 1343 o‘
558 1278 636 1363 άνηρ
662 1269 757 1352 οὗτος
774 1286 838 1355 τοῖς
860 1279 920 1360 μὲν
946 1284 1090 1360 πολλοῖς,
1115 1278 1159 1357 οὖς
1177 1275 1340 1362 ἔχωμαι

113 1378 270 1462 εοεάιιόν,
292 1375 483 1465 προφητικός
512 1376 569 1443 καλ
588 1381 814 1463 προσημαίνων
841 1374 883 1443 τά
916 1374 1158 1464 συμβησόμενα,
1189 1379 1246 1445 καί

155 1474 288 1563 μάλισθ’
302 1476 435 1554 ὁπόσαις
454 1480 519 1542 τῶν
538 1478 695 1562 γυναικῶν
716 1478 751 1541 αἱ
777 1480 841 1543 τοῖν
862 1475 1006 1543 πεάσεων
1032 1470 1164 1560 ἄσεμνον
1187 1478 1246 1543 ’κατ’

157 1575 337 1663 άσχήμονες
356 1578 420 1641 τόν
438 1577 631 1663 ἐσθημάτων
651 1574 860 1659 ἐγκομβόσεις
878 1574 921 1652 sic
940 1576 1052 1641 παιδιά
1071 1601 1120 1654 τις
1137 1599 1245 1665 περιε-

155 1674 337 1743 σποόόαστο
357 1678 470 1761 γέλωτι
491 1672 688 1759 σύμμικτος,
707 1683 774 1752 τοῖς
801 1676 832 1739 δ’
850 1676 884 1751 ές
902 1677 979 1741 ναόν
999 1673 1156 1758 βάπτουσι
1185 1699 1243 1741 πε.

158 1773 284 1859 ριἐργόν
311 1796 344 1838 τι
370 1774 425 1838 καὶ
445 1772 655 1857 γελωτοποιόν
689 1772 746 1838 καὶ
775 1776 915 1858 ληροόόες
944 1772 1104 1861 γερόντιον
1133 1771 1240 1861 ἥγητο.

113 1872 222 1938 1Ξείσί
241 1874 270 1937 δ’
292 1870 325 1937 οἳ
341 1870 396 1935 κατ’
412 1869 571 1952 πνεόματι
594 1868 754 1948 Πύθωνος
775 1870 909 1956 κάτοχον
927 1870 1090 1957 εὐστόχως
1115 1872 1240 1959 εόρὴκα.

157 1990 230 2050 σιν,
251 1962 298 2045 οἷς
319 1969 437 2051 ἐθέμην
456 1964 594 2051 μάλιστα
615 1973 671 2033 καί
690 1966 793 2045 αότός.
832 1973 901 2037 τότε
920 1976 995 2056 γοῦν
1014 1972 1174 2038 έπισεάντι
1199 1975 1245 2061 regi

156 2065 365 2153 αὐτοκράτορι
385 2061 456 2133 orire
476 2072 650 2151 προσέσχεν
671 2065 754 2144 όλως
775 2069 819 2145 οἷς
847 2073 1100 2159 περιβεβλημένῳ
1127 2071 1244 2137 τοσαό·

155 2191 215 2252 την
236 2168 291 2232 καὶ
312 2162 464 2252 τοιαάτην
479 2164 588 2250 ἶσχόν,
610 2158 683 2233 orire
707 2168 788 2253 πρός
816 2165 875 2254 την
908 2170 1012 2236 αὐτοῦ
1033 2169 1245 2256 προσηγορίαν

158 2266 195 2352 (ἢ
214 2270 250 2332 δὲ
270 2259 311 2349 ἦν
330 2268 476 2349 ,χαίροις
501 2259 527 2331 oi
548 2266 649 2351 πάτερ
663 2264 873 2357 Βαοιλόκιε”)
894 2266 952 2355 την
970 2268 1138 2352 άπόκρισιν
1150 2267 1243 2335 ἔθετο

108 2357 181 2449 nori*
206 2368 283 2449 γοῦν
314 2360 535 2449 άντησπάσατο
564 2368 667 2454 σιωπῇ
697 2367 895 2443 κατανεόσας
919 2368 961 2455 cpi
991 2370 1138 2455 κεφαλῇ,
1172 2368 1269 2433 άλλἸι

158 2456 223 2530 side
243 2465 366 2531 κάκεῖοε
388 2462 469 2545 μετά
489 2467 634 2531 πωλικῶν
657 2462 832 2551 φερόμενος
852 2465 1072 2551 σκιρτημάτων
1101 2471 1157 2531 καί
1180 2490 1242 2530 πα·

158 2561 312 2650 ραφόρων
330 2561 566 2649 μετακινήσεων
586 2564 764 2649 ε’κακολόγει
785 2563 859 2643 τοός
879 2564 1081 2652 προσιόντας,
1105 2564 1161 2629 καί
1177 2563 1242 2645 μοι’-

158 2668 252 2731 λιστα
282 2660 335 2729 τόν
358 2667 626 2748 Μεσοποταμιτην
647 2668 907 2749 Κωνσταντϊνον,
935 2662 972 2737 ὃς
1005 2658 1046 2746 ἢν
1077 2665 1145 2728 τότε
1172 2668 1245 2729 λίαν

230 2820 255 2925 ό.
281 2854 456 2928 γυναικάρια
485 2853 603 2929 recisius
630 2858 657 2907 B.
761 2856 788 2909 6.
810 2851 844 2906 τά
872 2842 942 2927 ainsi]
970 2852 1021 2913 τάς
1043 2854 1246 2926 μετακινήσεις

227 2929 277 2980 καλ
302 2928 469 3000 μεταβάσεις
501 2932 558 2981 τοῖν
588 2924 687 2980 notor
712 2922 803 2977 adseri
827 2924 854 2977 B.
963 2942 1001 2979 ιο.
1026 2926 1244 2998 προσημαίνειν]

228 2998 419 3121 ητερῖοηιιηιτεγὶργ
437 3000 467 3049 Δ.
542 2996 581 3064 ιλ.
599 2992 694 3067 ipsso]
714 2994 785 3048 ιόετσ
802 2996 834 3051 Α.
905 2998 1010 3050 αυτοὶ
1027 2996 1096 3064 μάλ.
1117 3024 1144 3037 -
1165 3000 1247 3065 βασι-

158 3237 294 3291 nientium
312 3234 433 3287 mammis
451 3232 598 3303 exploratis
618 3238 646 3283 et
670 3231 733 3283 talis
759 3234 933 3284 contrectatis
963 3230 1078 3291 obscura
1103 3234 1247 3303 promebst

159 3309 290 3370 oracula,
308 3305 388 3358 etad
408 3305 553 3374 plerasque
572 3302 745 3373 quaestiones
764 3301 835 3352 nihil
855 3300 1054 3372 respondebat,
1073 3310 1102 3353 et
1121 3321 1183 3356 suas
1202 3306 1246 3358 di-

158 3379 313 3429 vinationes
331 3372 574 3428 discursationibus
594 3382 621 3423 et
639 3372 740 3423 instuit
760 3372 881 3440 gestibus
898 3372 1055 3441 peragebat.
1074 3374 1201 3427 astabant
1218 3378 1245 3428 ei

159 3464 271 3519 quoque
289 3455 417 3515 cognatae
437 3444 578 3505 aniculae,
604 3441 732 3494 vecordes
750 3451 779 3494 et
800 3444 926 3505 insanae,
945 3459 1016 3511 quae
1044 3446 1245 3500 consultoribus

159 3518 336 3588 explicabant
353 3515 420 3585 quid
435 3515 477 3565 illi
495 3512 619 3565 Basilacii
637 3520 726 3581 gestus
745 3529 834 3563 rerum
853 3513 1003 3565 futurarum
1022 3513 1202 3583 designarent,
1216 3527 1247 3570 et

159 3589 374 3641 taciturnitatem
393 3594 423 3637 ut
440 3585 589 3653 sapientem
609 3583 761 3634 orationem
778 3584 1036 3653 interpretabantur.
1056 3586 1079 3637 is
1097 3587 1179 3655 igitur
1195 3588 1246 3640 bo-

159 3676 216 3721 mo,
229 3665 261 3709 ut
280 3656 345 3719 dixi,
363 3664 437 3707 vates
455 3654 535 3723 vulgo
553 3653 705 3705 habebatur
723 3663 751 3704 et
771 3654 863 3705 futura
880 3654 1038 3723 praedicere
1055 3657 1211 3725 putabatur,
1230 3678 1246 3711 a

159 3728 329 3783 mulierculis
347 3725 520 3795 praesertim,
540 3724 639 3795 quibus
664 3732 757 3794 turpes
782 3725 954 3793 quaestiones
978 3734 1006 3777 et
1035 3726 1169 3780 deformes
1197 3747 1247 3782 re-

160 3802 245 3854 stium
264 3798 442 3867 implexiones
461 3812 509 3865 pro
531 3794 597 3847 ludo
616 3801 644 3845 et
660 3796 720 3845 ioco
741 3796 817 3846 cordi
839 3804 923 3847 erant
941 3796 1139 3850 cordatiorem
1157 3798 1248 3852 homi·

160 3870 243 3923 nibus
263 3870 371 3937 ineptus
392 3866 488 3918 bistrio
514 3873 543 3917 et
562 3882 654 3916 vecors
678 3866 845 3916 silicernium
876 3866 1028 3919 videbatur.
1052 3878 1130 3921 erant
1163 3872 1247 3922 etiam

161 3941 210 4013 qui
230 3956 290 3992 eum
312 3938 458 4007 eyrhomco
476 3936 571 4007 spiritu
587 3952 645 3987 esse
659 3936 811 4005 praeditum
830 3936 904 3988 baud
919 3937 1036 3991 absurde
1052 3941 1247 4006 coniectarent

161 4027 277 4081 quorum
298 4026 347 4079 ego
366 4007 474 4059 iudiciis
494 4007 610 4059 maxime
635 4006 775 4059 assentior.
796 4009 985 4076 imperatorem
1011 4003 1103 4081 neque'
1120 4019 1152 4063 ut
1170 4020 1247 4063 tante

161 4083 284 4151 potentia
303 4078 456 4150 praeditum
476 4078 595 4145 excepit3
617 4092 706 4147 neque
725 4078 884 4131 salutationi
904 4080 962 4131 eius
980 4096 1050 4149 quae
1075 4090 1135 4133 erat
1154 4082 1247 4145 „salve

161 4160 239 4221 pater
259 4152 405 4213 Basilaci‚”
425 4147 582 4219 respondit3
610 4164 644 4199 ne
667 4164 699 4199 ue
718 4149 803 4200 tacito
827 4159 895 4201 nrrtu
921 4152 1017 4221 capitia
1048 4153 1145 4220 gratias
1174 4152 1245 4218 egit:

161 4220 211 4277 sed
232 4222 285 4278 buc
303 4232 385 4295 atque
412 4220 478 4273 illuc
498 4220 584 4273 instar
600 4164 671 4291 polii
697 4220 793 4291 equini
819 4228 866 4274 aut
882 4220 1001 4277 bominis
1020 4222 1117 4277 furiosi
1144 4221 1245 4276 saltam
