3017 4892
217 337 299 421 702
537 328 711 398 uremur
741 327 980 398 cuosumn
1292 331 1305 382 ι

211 485 274 550 τόν
291 479 440 568 νησιδιλον
462 482 688 559 διαπλυΐζεται
708 478 730 544 d
747 470 883 562 ἄγχιστα
903 479 960 562 τῆς
973 477 1220 544 Κωνσταντίνοο
1242 479 1307 558 ἄμ·

178 657 182 666 ,
212 586 422 670 φιρρέονται,
443 579 497 644 τόν
516 577 709 664 Ἀστακηνόν
727 578 841 644 κόλπον
862 579 956 664 όφείς
976 583 1149 660 περιπλεῖν·
1192 579 1308 644 λαίλα-

210 705 269 758 πος
294 684 321 744 δ’
343 681 564 764 οἰνεγερθείσης
585 681 736 764 ἐξαίφνης
749 676 805 742 καί
823 675 1059 760 μετεωρισόσης
1079 677 1115 739 τό
1138 681 1225 759 κόμα
1246 678 1308 760 όρ..

209 779 274 846 θόν
292 779 326 845 τό
349 785 458 843 πλοῖον
482 781 518 842 ἐκ
546 778 675 863 πρώρας
700 780 754 843 ἐπί
788 776 934 859 κρόμυον
956 774 1090 859 ἀἴρεται
1115 775 1171 840 καί
1190 783 1309 860 μικροῦ

210 874 402 944 καταδύεται
413 927 424 958 ,
444 874 536 942 ἔνθεν
556 881 611 940 καί
636 875 727 942 ἔνθεν
748 875 998 954 ἐπικλυζόμενον.
1040 873 1219 957 ἐθορύβουν
1247 879 1336 956 μὲνὸ

212 971 271 1042 σόν
295 975 324 1042 οἱ
344 955 503 1061 πλωτῆρες
528 980 584 1040 κατ’
602 972 717 1060 ἱδρῶσι
736 978 982 1058 περιερρέοντο,
1002 973 1080 1054 βοαί
1100 976 1136 1038 δὲ
1163 977 1228 1038 τῶν
1250 977 1310 1056 ε’μ-

212 1073 367 1142 πλεόντων
389 1080 445 1140 και“
471 1068 694 1159 θεοκλυτὴσεις
716 1066 815 1157 ἦσαν,
846 1075 984 1155 οἰμωγαί
1011 1096 1046 1136 τε
1075 1071 1131 1138 καί
1157 1073 1312 1156 ὀλολυγαὶ

213 1176 382 1258 διωλύγιον
401 1172 604 1259 ἐξηκοόοντο·
647 1177 817 1239 συνέπλεον
838 1173 874 1236 δὲ
901 1177 1032 1254 βασιλεῖ
1054 1173 1160 1237 πᾶσαί
1184 1196 1219 1236 τε
1253 1173 1311 1238 κατ’

182 1261 326 1350 Βπόντες
346 1271 537 1358 ἐπιτήδειοι,
558 1268 604 1349 οἷς
624 1277 680 1338 κατ’
698 1271 830 1356 ποθεινὴ
851 1276 911 1354 μὲν
933 1271 953 1355 ἦ
976 1273 1016 1358 γῆ
1036 1280 1100 1348 τοῖς
1120 1274 1307 1354 βαδίζουσι,

210 1371 343 1457 ποθεινὴ
366 1375 403 1438 δὲ
429 1376 485 1459 καί
514 1377 623 1448 αὐτοῖς
650 1368 754 1438 ε’δόκει
783 1396 832 1446 τις
858 1375 1007 1454 ἐντυχεῖν.
1048 1368 1148 1436 πολλὰ
1184 1375 1219 1436 δὲ
1251 1371 1309 1438 καί
1321 1399 1360 1442 ro

210 1481 346 1538 παντοῖα
379 1469 693 1547 διακινδυνεύσαντες
731 1473 897 1556 ἀγαπητῶς
924 1472 981 1535 καί
1014 1469 1106 1553 μόλις
1141 1467 1216 1554 περὶ
1247 1467 1309 1554 τὴν

212 1572 394 1655 Πρίγκιπον
415 1574 649 1653 διασώζονται,
670 1574 762 1636 ἐκδὲ
790 1567 909 1655 ταότης
936 1575 995 1635 τοῦ
1023 1567 1162 1652 κύματος
1185 1568 1310 1654 η’ρεμη..

212 1692 328 1747 σαντος
353 1674 387 1744 ἐς
413 1667 606 1754 Χαλκηδόνα
625 1670 847 1756 καταίρουσιν·
889 1667 970 1734 ἔνθα
992 1673 1052 1734 τοό
1084 1671 1203 1754 ἰλίγγου
1232 1669 1310 1734 dus-

211 1774 323 1847 θέντες
342 1767 396 1833 καὶ
415 1767 475 1854 τήν
493 1766 598 1855 όλμην
617 1767 872 1852 οἷποπτόσαντες,
892 1772 949 1834 καί
968 1769 1069 1854 λήθης
1089 1772 1180 1857 βυθῷ
1200 1793 1309 1858 παρα.-

212 1867 319 1944 δόντες
339 1867 378 1932 τό
400 1869 528 1951 χαλεπό
547 1873 606 1934 κου’
626 1865 774 1940 κινδόκου
795 1872 851 1936 καί
872 1867 995 1955 φοβερά
1002 1917 1012 1950 ,
1036 1873 1069 1946 ἐς
1081 1870 1115 1934 τό
1131 1874 1213 1954 μέγα
1235 1871 1362 1940 dra-15

210 1973 420 2053 περαιοῦνται
441 1965 618 2049 παλότιον,
643 1965 780 2049 όμιλλας
807 1970 985 2044 τελέσαντες
1017 1967 1121 2034 ἳππων
1148 1968 1204 2034 καὶ
1228 1967 1311 2034 θεά-

210 2092 297 2153 τροις
317 2067 374 2134 τόν
403 2071 505 2152 δῆμον
536 2068 769 2149 δεξιωσόμενοι.
813 2067 855 2144 ολς
883 2059 939 2131 οὖν
968 2067 1094 2154 εἰλήφει
1124 2073 1223 2154 πέρας
1252 2073 1312 2135 κατ’

161 2223 166 2238 ,
209 2165 304 2250 τόδε,
345 2163 496 2249 βασιλεὺς
514 2171 574 2250 μὲν
596 2171 749 2232 οἷπελθεῖν
778 2171 811 2244 ἐς
831 2170 1019 2251 Βλαχὲρνας
1047 2170 1161 2233 ου’τόια
1193 2163 1310 2251 ἤθελε,

213 2269 270 2350 τῆς
299 2271 335 2333 δὲ
361 2271 424 2334 τοῖν
448 2266 615 2347 Ῥωμαίων
643 2266 792 2352 α’καιρίιις
822 2270 1073 2352 προσισταμένης
1103 2269 1156 2352 (οἱ
1182 2267 1241 2353 γὰρ
1271 2272 1308 2345 ἐς

181 2367 296 2451 (δῆμός
317 2367 545 2450 αὐτοκράτορες
565 2367 621 2431 καί
639 2369 737 2450 μέχρι
758 2369 930 2451 βηματίσαι
951 2365 1087 2450 τὴντῶν
1106 2361 1359 2451 όστροονθὲ-αο

210 2489 262 2532 σιν
282 2463 556 2553 περιεργόζονται)
580 2463 639 2550 τήν
661 2464 790 2551 πρώτην
814 2470 878 2530 τοῖν
898 2470 1050 2550 νηστειῶν
1071 2463 1234 2550 ἑβδομάδα
1260 2473 1307 2557 τῷ

280 2683 304 2718 2.
323 2657 375 2719 τόν
392 2666 501 2722 κόλπον
519 2668 568 2731 τῆς
586 2665 769 2737 νικομηδείας
787 2667 816 2717 λλ.
923 2666 946 2718 5.
968 2665 1185 2734 ἐθορυβήθησαν
1203 2661 1256 2719 οὖν
1275 2667 1306 2719 ολ

279 2743 383 2793 ναῦται
402 2739 429 2788 u.
509 2757 535 2806 9.
554 2728 597 2793 οἷς
614 2737 672 2808 καὶ]
694 2736 816 2806 ηὔχοντο
834 2735 907 2804 γοῦν
925 2741 974 2788 καὶ
996 2737 1163 2818 ἐπεθύμουν
1179 2729 1231 2802 τὴν
1247 2741 1306 2808 γῆν

280 2808 355 2861 ἰδεῖν
373 2809 402 2859 u.
494 2809 532 2859 13.
551 2807 603 2861 τοῦ
620 2809 733 2877 ἰλίγγου
752 2807 844 2879 διεδ]
864 2805 1125 2866 δποσκοιιαδέντες
1143 2809 1172 2860 Β.
1264 2827 1305 2880 ¹9·

279 2877 439 2951 Ῥωμαίων]
459 2877 575 2949 χρόνων
592 2895 683 2948 margo
702 2879 736 2934 W
758 2887 787 2932 et
812 2877 914 2930 codicis
935 2879 991 2930 Pur.
1081 2894 1123 2932 κο.
1140 2881 1230 2952 μέχρι
1253 2893 1305 2951 με·

280 2949 455 3017 τακινιίσεως
472 2955 580 3022 μικρδς
596 2949 625 3002 Β.

209 3138 292 3208 igitur
307 3139 371 3189 uuvi
397 3136 588 3207 imperatorio,
608 3143 682 3188 rectu
700 3134 847 3206 adparens
865 3137 968 3190 insulas
986 3139 1084 3210 passim
1109 3139 1186 3191 iuxta
1207 3137 1303 3192 urbem

210 3211 275 3261 sitas
298 3207 453 3271 contendit,
477 3210 638 3259 Astacenum
664 3207 753 3258 sinum
784 3208 984 3260 circumvectus.
1011 3220 1071 3262 orto
1096 3221 1187 3262 nutem
1213 3210 1303 3262 subito

209 3281 334 3342 turbine,
353 3279 436 3330 fluctu
451 3278 491 3329 -in
515 3279 599 3330 ultum
624 3287 731 3342 erecto,
755 3278 830 3330 novis
854 3296 869 3329 u
892 3296 973 3349 prora
1000 3281 1030 3332 in
1058 3283 1171 3351 puppim
1196 3281 1303 3333 sublata

210 3349 408 3421 propemodum
426 3349 621 3418 submergitur,
640 3347 722 3399 undis
742 3347 865 3419 undique
887 3351 1054 3419 urgentibus.
1077 3361 1177 3404 nautae
1202 3353 1302 3403 tumul-

210 3424 296 3484 tueri,
315 3421 412 3474 sudare
430 3430 568 3482 vectores,
593 3419 751 3483 vociferari,
779 3419 859 3472 deum
886 3422 1026 3486 iuvocare,
1054 3424 1203 3492 suspirare,
1230 3423 1302 3474 eluro

211 3493 324 3547 eiulore.
342 3491 512 3543 vehebantur
530 3491 602 3543 enim
619 3506 674 3540 una
692 3507 785 3542 omnes
804 3492 973 3561 imperatoris
992 3493 1136 3546 familiares
1160 3493 1301 3561 utriusque

212 3579 305 3624 sexus,
324 3571 412 3614 terrae
431 3561 565 3614 videndae
584 3569 612 3612 et
631 3561 807 3630 attingendae
826 3561 999 3632 cupidissimi.
1026 3573 1088 3634 post
1106 3565 1205 3616 multos
1224 3563 1303 3614 labo-

213 3649 256 3684 res
276 3643 304 3683 et
322 3633 442 3701 pericula
458 3634 503 3685 vix
522 3633 716 3702 optatissimum
733 3633 864 3702 principis
883 3635 998 3685 insulam
1022 3635 1165 3704 attingunt.
1195 3651 1228 3686 ex
1254 3652 1302 3697 ea,

213 3712 374 3771 tempestate
393 3704 494 3766 sedan,
514 3703 713 3754 Chalcedonem
731 3705 876 3756 tmiiciunt.
894 3705 943 3756 ubi
958 3707 1090 3773 vertigiue
1107 3707 1197 3776 positu
1210 3714 1238 3756 et
1249 3707 1303 3756 ssl-

213 3775 308 3842 sugiuo
327 3776 444 3836 reiectn,
464 3774 606 3827 timoribus
626 3783 654 3826 ct
670 3773 798 3843 periculis
820 3773 952 3827 oblivioni
975 3775 1099 3840 traditis,
1124 3778 1153 3828 iu
1181 3793 1304 3844 magnum

234 3845 344 3894 nlntium
363 3853 504 3896 transeunt
522 3844 557 3896 nd
575 3843 697 3897 edendos
716 3844 853 3896 Circenses
870 3844 951 3898 ludos
970 3857 998 3899 et
1015 3848 1146 3917 populum
1165 3857 1304 3916 spectacu-

212 3862 250 3968 dis
275 3913 486 3966 exhilarandum.
504 3915 615 3986 ‘quibus
638 3916 720 3967 finitis
743 3916 889 3985 imperator
915 3919 1004 3970 stetim
1033 3919 1063 3970 in
1088 3918 1248 3970 blachernas
1276 3934 1305 3968 se

215 3985 339 4038 conferre
357 3986 459 4036 voluit:
479 3987 527 4038 sed
545 3987 609 4056 quin
628 3996 733 4069 tempus
752 3987 948 4040 incommodius
974 3989 1100 4042 obstabat
1128 3989 1201 4060 (num
1219 3989 1306 4040 nostri

214 4059 343 4126 temporis
361 4057 536 4124 imperatores
555 4075 606 4107 nec
623 4057 760 4108 minimam
782 4060 958 4110 mutationem
976 4061 1054 4113 nstris
1079 4059 1237 4112 inconsultis
1261 4060 1305 4109 iu-

216 4130 356 4197 stituunt)‚
382 4128 495 4196 primum
517 4128 680 4179 ieiuniorum
704 4127 903 4182 hebdomadem
928 4131 956 4181 in
977 4147 1073 4198 magno
1099 4132 1201 4200 palutio
1230 4128 1306 4180 haud

216 4215 281 4254 seno
302 4201 395 4256 solens
411 4199 565 4272 permansit
584 4207 615 4253 ut
632 4215 695 4256 vero
715 4199 772 4252 dies
791 4201 829 4254 Vl
847 4201 881 4252 ud
901 4200 1087 4272 migrationem
1104 4219 1161 4258 non
1179 4209 1236 4254 erut
1260 4200 1305 4256 in-
