3017 4892
371 337 424 398 nn
452 333 645 402 rrrrtnm
674 335 870 403 connino
900 340 973 406 nn.
993 343 1029 404 v.
1061 299 1084 393 ἰ
1165 347 1241 404 221

171 485 217 571 τῷ
235 485 356 548 noan
373 479 483 566 πριύην
501 477 569 566 εἶχε
587 480 760 560 τετελεκώς.
818 477 893 548 ὅθεν
913 482 1007 550 ούτόν
1026 510 1060 551 τε
1079 485 1134 554 τύν
1151 495 1245 574 βασι·

171 681 208 744 έν
226 681 424 764 Βλαχέρναις
451 682 623 761 εἶσεδέχεια
652 686 707 765 τῆς
724 677 914 766 θεομὴτορος
941 687 1022 765 μέγα
1041 685 1096 750 καί
1114 694 1247 774 περίπυ-

172 800 248 844 στον
266 781 405 858 τέμενος.
447 777 503 842 καί
525 777 578 842 διὰ
597 782 651 864 τῆς
670 783 903 866 τελεσιουργίας
926 784 988 845 τοῖν
1008 778 1109 867 ὅρκων
1128 790 1172 865 είς
1191 787 1279 855 τύνλ)

142 877 207 955 ὅέξ
226 875 344 962 ύσφύος
378 875 478 942 αύτού
505 878 563 960 ιη“ν
591 881 821 962 σκηπτουχίαν,
842 876 885 954 ιύς
904 869 998 968 piato,
1019 887 1246 970 μεταθέμενος,

170 973 252 1056 μετὰ
271 974 378 1058 βραχύ
406 977 464 1039 τού
480 973 657 1060 μνήστορος
673 975 815 1053 Ἀλεξίου
842 976 877 1042 τύ
910 975 1083 1065 θυγάτριον
1112 983 1246 1063 ἀποζεύ-

170 1097 285 1156 γννσι,
303 1077 359 1138 καί
378 1072 466 1161 αύτῷ
483 1076 543 1154 μὲν
566 1077 611 1148 εἰς
630 1085 761 1158 γυναῖκα
784 1078 931 1159 ἐγγυᾶται
949 1077 1006 1162 τήν
1024 1082 1081 1163 τῆς
1099 1082 1246 1163 γυναικός

169 1169 202 1235 oi
221 1169 414 1255 ὁμόσπορον,
447 1165 520 1257 ύριι
547 1170 608 1238 σύν
638 1177 681 1260 τῷ
700 1167 828 1261 ύδελφῴΙ
849 1176 1033 1264 Βαλδουίνιρ
1053 1181 1109 1262 τῆς
1126 1174 1245 1244 Ἀντιο-

166 1273 260 1352 χιίας
278 1266 455 1352 α’πύραοαν.
495 1267 539 1346 οἷς
559 1273 595 1335 δὲ
614 1267 693 1335 κατὰ
716 1269 771 1336 τύν
789 1271 900 1356 καιρύν
922 1270 1037 1339 ἐκεῖνον
1057 1273 1074 1338 o‘
1094 1281 1151 1362 τῆς
1163 1279 1244 1361 Ου’γ-

123 1368 260 1453 ιογρίιις
272 1367 411 1433 ἀπέθανε
431 1367 498 1454 ῥήξ,
518 1366 681 1453 εύιύχημα
700 1367 754 1435 τύν
769 1371 879 1435 τούτου
901 1373 1038 1438 θάνατον
1058 1371 1244 1461 ὁΜανουῆλ

167 1465 362 1551 ἡγησάμενος
384 1470 501 1548 πέμπει
527 1466 582 1532 τύν
604 1470 738 1546 Ἀλέξων
769 1468 869 1546 εὐθύς
888 1467 965 1551 perci
987 1477 1133 1557 λαμπροῖς
1150 1479 1245 1561 δορυ-

169 1565 284 1651 φορίας
303 1569 359 1630 καί
382 1567 545 1648 βασιλείου
573 1569 721 1651 πλείστης
745 1573 961 1653 παρασκευῆς,
990 1569 1046 1653 την
1067 1574 1245 1659 Παιονικην

167 1661 433 1748 παραληψόμενον
466 1665 650 1730 δυναστείαν
674 1668 729 1730 καί
747 1665 972 1747 βασιλεύσοντα
992 1669 1053 1734 ταῖν
1071 1667 1242 1752 ύμοεθνιύν.

168 1763 224 1827 καί
241 1757 309 1845 εἶχε
330 1765 442 1827 τοῦτον
462 1760 690 1847 α’ταλαιπυύρως
713 1763 733 1846 ἦ
753 1769 895 1830 Παιονία
915 1765 1017 1856 ταινίᾳ
1040 1767 1152 1858 ῥηγικη
1172 1773 1244 1836 δια-

121 1861 319 1942 ιὸδυύμενον
349 1859 404 1924 καί
435 1861 494 1924 τού
516 1865 619 1943 γένους
639 1857 714 1926 ύλου
738 1861 962 1940 ἄνενδόιύστως
986 1867 1182 1945 δεσπόζοντα.
1225 1866 1244 1932 d

166 1961 202 2024 δὲ
219 1957 369 2042 βασιλεύς
386 1952 484 2036 αὖθις
512 1957 667 2044 α’νηρεύνα
698 1961 853 2045 ἐπιμελῶς
871 1961 922 2026 τὸν
943 1967 983 2048 τῇ
1003 1965 1121 2029 ἐκείνου
1143 1972 1244 2049 θυγα-

165 2061 222 2141 τρί
239 2053 474 2138 σοζευξύμενον.
517 2058 573 2122 καί
587 2055 753 2138 Ῥωμαιλιιν
773 2057 930 2141 ἀθερίζων
951 2055 1019 2124 ὅσοι
1040 2061 1118 2148 πρὸς
1137 2055 1244 2147 γένους

164 2160 320 2239 ἐπίδοξοι,
342 2157 533 2242 έφιλοκρίνιι
552 2156 628 2232 τούς
646 2153 803 2230 δυνάστας
821 2158 940 2239 έθνιύν,
962 2155 1069 2224 ύπύσοι
1088 2160 1133 2245 ptr}
1158 2164 1244 2247 ζυγῖ-

164 2278 235 2338 ται,
256 2259 312 2320 καί
330 2255 402 2330 τούς
421 2249 489 2319 ὅσοι
507 2259 629 2320 παίδων
651 2263 751 2337 γονεῖς
780 2251 837 2340 τήν
855 2254 1001 2346 πατρῴαν
1021 2261 1245 2342 διοδεξομένων

116 2352 246 2436 αομειύ
267 2351 386 2434 πότμον
409 2357 472 2418 τῶν
487 2355 676 2436 γειναμένων
695 2353 825 2428 τούτους
846 2351 958 2438 α’ρχην.
1000 2357 1056 2420 καί
1075 2358 1242 2445 ἐπειδήπερ

165 2450 273 2516 ἔπιπτε
300 2451 334 2517 τὸ
355 2460 508 2533 πρωτεῖον
527 2449 605 2535 πρὸς
625 2449 681 2517 τὸν
701 2456 875 2534 κρατοῦντα
895 2455 1040 2530 Σικελίας
1068 2457 1099 2520 Γ
1096 2460 1243 2541 ιλίελμον,
1253 2479 1278 2532 Ρ,
1289 2495 1332 2533 ιιι

166 2545 259 2627 ἄλλος
288 2551 338 2616 ἐπ’
369 2545 454 2638 drap
484 2552 622 2634 πρέσβυς
649 2552 694 2627 είς
719 2553 835 2618 ἐκεῖνον
862 2553 1053 2636 ἐστέλλοντο,
1084 2556 1139 2620 καί
1167 2561 1244 2644 παρ’
1275 2635 1281 2648 ,

165 2649 283 2716 ἐκείνου
296 2641 393 2724 αύθις
404 2647 440 2713 τύ
456 2649 548 2733 κῆδος
559 2649 779 2734 πρεσβεύονιος
793 2647 952 2736 έπύλληλα
974 2647 1013 2737 ἦν
1028 2653 1066 2718 τύ
1081 2653 1242 2742 κηρύκεια,

235 2805 261 2856 6.
279 2799 438 2872 μνηστῆρος
454 2799 485 2849 λ.
572 2815 595 2865 7.
611 2803 800 2867 ιισιεγγνᾶιαι
819 2802 848 2850 Λ.
964 2820 989 2876 9.
1008 2801 1046 2860 ολς
1065 2801 1106 2875 δέ]
1129 2804 1192 2857 ἐπεὶ
1212 2805 1243 2860 δέ

235 2875 283 2922 καὶ
303 2873 390 2937 πέρας
407 2868 470 2921 τύιε
487 2867 540 2920 τού
557 2873 620 2935 βίον
646 2870 811 2941 κατειλήφει
829 2862 880 2923 τύν
901 2863 954 2936 vir
980 2871 1161 2942 Ου’ννιιρχίαν
1178 2875 1242 2930 τότε

234 2938 497 3009 περιζωννύμενον,
517 2935 684 3007 διιρίοπιον
706 2941 736 2990 Δ.
813 2955 850 3010 ¹7·
869 2939 981 3015 γένους]
1003 2940 1098 3012 γάμον
1115 2945 1145 2994 Α.
1203 2951 1241 3000 ι8.

235 3011 436 3080 σνζνγῑιαιλ,
465 3006 530 3061 door
548 3015 685 3078 γυναῖκας
707 3007 746 3080 μὴ
769 3007 847 3078 εἶχον
872 3011 900 3062 Β.
1004 3025 1046 3062 22.
1064 3015 1194 3084 πρέσβεις
1211 3018 1241 3067 Α.

165 3161 290 3223 perator,
311 3159 339 3204 et
355 3149 542 3204 iusiurandum
560 3149 594 3202 de
613 3151 720 3220 imperii
740 3151 909 3204 successione
928 3168 943 3204 a
960 3153 1047 3205 Maria
1068 3155 1124 3206 filia
1143 3159 1241 3210 eteius

164 3224 262 3276 marito
279 3223 376 3274 Alexio
393 3223 532 3274 Pannonio
551 3221 581 3273 in
602 3221 688 3273 filium
714 3215 859 3274 transferre
884 3223 1014 3276 instituit.
1043 3225 1158 3293 proinde
1181 3245 1241 3280 cum

164 3295 224 3346 iiiio
245 3301 274 3345 et
290 3293 394 3345 civibus
411 3294 440 3344 in
458 3292 624 3362 amplissimo
643 3291 745 3360 templo
765 3293 908 3360 genetricis
929 3294 974 3344 dei
992 3297 1127 3357 convenit,
1150 3303 1177 3347 et
1194 3315 1242 3366 per

164 3363 353 3416 iusiurandum
377 3363 484 3432 imperii
512 3363 682 3414 succensione
706 3363 736 3412 in
755 3363 857 3426 filium,
884 3371 916 3414 ut
941 3361 1069 3432 putabat,
1097 3369 1239 3432 translata,

163 3436 248 3506 paulo
272 3443 336 3504 post
360 3433 444 3484 filiam
461 3431 496 3483 ab
513 3432 610 3484 Alexio
642 3431 776 3500 seiungit3
806 3435 887 3504 eique
914 3433 1005 3485 uxoria
1024 3449 1088 3485 suae
1108 3453 1239 3504 sororem,

165 3521 259 3557 recena
275 3521 336 3556 cum
352 3503 487 3556 Balduino
504 3503 586 3554 fratre
603 3501 747 3553 Antiochia
775 3505 937 3571 proiectam,
963 3502 1121 3574 despondet.
1141 3519 1171 3560 ut
1190 3527 1241 3562 nu·

164 3584 221 3628 tem
238 3576 288 3628 rub
307 3573 336 3626 id
353 3582 459 3643 tempor
478 3573 630 3642 Hungariae
656 3588 703 3622 rex
719 3571 804 3636 obiit,
821 3573 933 3625 Manuei
952 3575 1010 3626 eiua
1039 3585 1152 3629 mortem
1178 3599 1240 3649 per-

165 3654 347 3716 opportunam
366 3653 439 3696 rato·
448 3643 573 3696 Alexione
583 3643 675 3694 atatim
684 3659 745 3693 cnm
766 3642 909 3712 splendido
930 3645 1059 3696 comitatu
1080 3657 1108 3700 et
1123 3643 1250 3702 maxirno'

164 3725 295 3787 apparato
314 3717 387 3784 regio
405 3715 441 3766 ad
457 3713 611 3767 Pannoniae
629 3712 796 3764 dominatum
816 3713 1000 3782 accipiendum
1020 3715 1134 3788 ablegat.
1153 3737 1185 3772 eo
1205 3723 1242 3772 si-

164 3803 201 3839 ne
219 3786 313 3838 labore
331 3786 486 3838 diademate
509 3792 623 3846 ornato,
653 3791 682 3834 et
698 3784 783 3836 totius
801 3783 953 3853 Hungariae
971 3803 1030 3856 rege
1049 3789 1116 3841 citra
1135 3799 1244 3842 contro·

163 3859 280 3910 vertiam
297 3855 452 3919 declarato,
481 3855 629 3926 imperator
647 3853 770 3907 studiose
788 3855 912 3907 maritum
933 3855 1047 3910 alterum
1065 3860 1139 3913 filiae
1158 3878 1243 3931 quae·

165 3929 208 3980 rit
226 3945 258 3978 ac
275 3927 416 3979 nobilibus
438 3927 565 3978 Romanis
581 3925 754 3994 praeteritio,
784 3923 894 3996 indagat
919 3929 967 3997 qui
985 3937 1135 3982 exterarum
1153 3933 1242 3984 natio-

164 4011 229 4051 num
246 3998 383 4068 principos
399 4005 450 4049 aut
466 3996 585 4048 caelibes
604 4003 694 4046 cuent
712 4004 760 4047 aut
776 3996 847 4048 filios
865 3995 998 4051 haberent
1014 4003 1134 4070 paternis
1154 4004 1242 4072 regnis

164 4083 340 4121 encoeniatos.
363 4085 423 4120 curn
441 4075 532 4119 autern
549 4065 713 4118 Goitieimue
731 4065 842 4116 Siciliae
860 4083 906 4119 rex
926 4069 954 4120 in
976 4085 1008 4120 eo
1027 4087 1124 4139 genere
1141 4073 1243 4142 princi-

183 4147 258 4190 atom
274 4147 370 4190 tenere
386 4137 526 4191 videretur
544 4144 573 4188 et
597 4135 632 4186 ab
653 4135 709 4189 iilia
728 4137 834 4205 nuptiis
856 4155 911 4190 non
931 4137 1110 4206 abhorreret,
1133 4143 1243 4194 crebrae

207 4210 314 4263 atione·
329 4209 404 4262 oltro
423 4209 549 4279 citroque
567 4205 666 4260 missae
686 4205 721 4259 de
742 4208 908 4263 matrimonii
925 4209 1128 4265 conditionibus
1145 4213 1243 4264 frustra
