3017 4892
314 284 482 406 audurus
516 339 720 406 uarumrs
752 341 934 414 couuuu
963 353 999 416 r.
1116 325 1196 413 ὅτι

116 524 176 580 (τις,
198 502 266 570 τοῖς
286 495 322 558 δὲ
345 489 476 578 α’ρκετόν
489 494 523 567 ἒς
543 491 600 576 τη“ν
620 491 701 579 πρὸς
720 495 775 562 τόν
793 503 969 581 κρατοῦντα
990 505 1094 568 πίστιν
1113 507 1232 571 leid-B

117 620 206 683 γιστο
239 593 274 659 sd
308 595 358 657 ἐπ’
378 589 464 656 οἴκου
496 596 658 676 καθῆσθαι
678 598 734 660 καί
751 600 868 682 μηδενί
887 604 1120 684 προστιθεσθαι
1141 608 1205 671 τῶν

116 699 244 782 μερῶν·
288 689 372 757 οὕτω
391 689 453 774 γάρ
486 700 613 776 φρονεῖν
633 716 669 757 τε
689 696 746 759 καί
767 701 868 780 λέγειν
885 695 963 776 τούς
982 701 1117 779 πολλοὺς
1139 708 1206 782 ἔξε-

117 797 272 861 παίιῐευσε
295 789 329 858 τὸ
356 793 413 875 τῆς
428 790 554 876 γνώμης
574 793 806 880 κερδαλεόφρον
818 797 874 862 καί
891 795 927 862 τὸ
949 797 1004 864 διὰ
1027 801 1133 886 φόνων
1154 806 1209 872 aiei

90 898 176 967 ὁκαὶ
195 891 381 980 προχάσεως
409 889 542 972 αἵματος
560 889 633 967 τούς
652 897 779 970 πλείους
798 899 862 960 τοῖν
879 900 1038 978 βασιλέοιν
1057 904 1112 984 τῆς
1127 902 1207 968 Ῥω-

117 997 235 1078 μαϊκῆς
254 992 428 1072 ἐπιβαίνειν
453 982 572 1076 αρχῆς)
594 989 649 1056 διά
673 993 857 1076 ναομαχιας
878 997 1024 1080 ἐπειρᾶτο
1045 996 1210 1081 τὸνπροσ-

117 1097 257 1179 ἐρποιτα
275 1089 417 1154 κίνδυνον
438 1082 709 1174 ἀποκρούσασθαι.
758 1092 897 1178 τριήρεις
917 1098 1021 1160 τοίνυν
1039 1095 1100 1183 τήν
1118 1101 1209 1183 lipo-

118 1193 252 1258 nom'du
277 1187 460 1270 ἐκάλυπτον,
482 1185 516 1252 αἱ
536 1191 596 1271 μὲν
616 1189 795 1270 Ῥωμαίους
814 1189 947 1275 ἔχουσαι
968 1195 1044 1270 τούς
1063 1199 1210 1279 ε’ρίσσον·

118 1316 177 1370 τας
195 1291 252 1354 καί
270 1286 346 1363 τούς
368 1291 404 1352 ἐκ
423 1291 488 1363 τῶν
501 1288 780 1374 καταστρωμάτων
797 1293 1061 1376 διαμαχέσασθαι
1080 1297 1209 1377 μέλλον-

73 1414 196 1473 ιοτας,
219 1388 253 1454 αἱ
275 1391 310 1453 δὲ
331 1389 395 1451 τῶν
416 1387 498 1450 κατὰ
520 1382 611 1450 πόλιν
633 1389 1034 1474 διαφορογενιῦνΛατινιιν
1056 1387 1075 1456 i'
1099 1395 1135 1459 τί
1150 1418 1208 1480 περ

121 1485 288 1576 κράτιστον
303 1489 400 1570 μέρος
433 1487 489 1550 καί
504 1483 748 1570 μαχιμώτατον,
773 1482 821 1566 οἷς
840 1491 897 1554 καί
913 1488 955 1555 τοὶ
977 1489 1129 1578 χρήματα
1153 1517 1211 1560 πο-

121 1586 262 1673 ταμηὸὀν
285 1588 458 1668 ἐσεχέοντο,
480 1586 551 1650 ἐπεί
563 1589 619 1651 καί
634 1583 755 1664 τούτοις
768 1589 930 1654 ἐπεποίθει
951 1590 1103 1672 μᾶλλονὸ
1122 1592 1211 1678 χριό-

122 1710 212 1768 μενος
234 1682 494 1770 πρωτοσεβαατὸς
514 1678 594 1771 ἥπερ
615 1695 680 1761 τοῖς
691 1686 859 1768 Ῥωμαίοις
879 1690 988 1767 αὐτοῖς
1009 1690 1054 1767 ὥς
1075 1691 1232 1777 cipridem·

122 1812 183 1854 σιν.
237 1781 364 1872 ιὸρμησε
397 1788 456 1866 μὲν
483 1777 541 1848 οὖν
575 1783 649 1860 τούς
676 1783 879 1863 πιστοτάτους
914 1785 1020 1880 ἑαυτῷ
1046 1795 1242 1876 sumpsere

80 1888 320 1974 ι5τριηράρχας
340 1887 396 1950 καί
416 1886 615 1968 παραδοῦναι
635 1883 691 1948 τὸν
710 1886 824 1951 στόλον
843 1896 909 1963 τοῖς
928 1891 1036 1978 ἐκείνῳ
1057 1889 1138 1954 κατὰ
1161 1894 1213 1972 γί-

122 2009 172 2062 νος
194 1987 371 2069 ἐγγίζουσι·
419 1985 478 2046 τοῦ
504 1985 539 2046 di
572 1981 713 2064 μεγάλου
741 1983 854 2061 δοακὸς
873 1990 930 2049 τοῦ
952 1985 1213 2073 Κοντοστεφάνου

122 2081 390 2160 ἀντιπνεύσαντος
412 2084 468 2146 καί
488 2086 542 2164 τῆς
573 2082 764 2166 στολάρχίας
785 2083 880 2150 παντί
900 2085 1006 2175 τρόπῳ
1027 2089 1212 2171 ἕξεχομίνου

121 2185 163 2262 ὥς
181 2185 273 2272 αὐτῷ
291 2186 347 2248 καί
367 2183 428 2264 οίχ
450 2178 546 2270 ὲτίριρ
576 2176 738 2266 δήπουθεν
757 2182 991 2270 προσηκούσης,
1012 2185 1213 2270 ἀναγκαστῶς

121 2285 180 2368 τὴν
203 2279 355 2368 βούλησιν
376 2285 577 2366 μετατίθησι.
607 2284 663 2346 καί
683 2280 721 2365 θη
745 2279 762 2347 ὃ
785 2285 845 2364 μὲν
862 2287 1124 2373 Κοντοστέφανος
1140 2291 1212 2354 Ἀν-

76 2386 266 2469 τοθρόνικος
301 2375 409 2464 κάρτος
436 2375 638 2463 καθειστήκει
667 2384 727 2445 τοῦ
747 2383 862 2448 στόλου
880 2381 1018 2467 παντός,
1041 2391 1098 2452 κιιί
1116 2384 1212 2452 κατά·

121 2489 220 2556 πλους
249 2474 334 2555 circae
362 2487 428 2554 τοῖς
456 2477 518 2545 α’πὸ
541 2483 599 2564 τῆς
623 2482 665 2545 ios
693 2484 937 2566 περαιουμένοις
958 2481 1211 2570 άπατετείχιστο·

122 2587 221 2668 συνῆν
252 2583 288 2645 di
308 2583 352 2669 τῷ
373 2581 619 2668 Κοντοστεφάνςο
649 2583 707 2644 καί
724 2606 756 2646 τι
774 2585 830 2645 τοῦ
853 2590 1116 2666 πρωτοσεβαστοῦ
1136 2611 1214 2670 συγ-

122 2677 248 2763 γενικὸν
271 2677 328 2744 καί
355 2681 495 2744 οἰκίδιον.
546 2676 626 2760 μετά
648 2678 751 2764 βραχά
785 2681 820 2744 δὲ
842 2683 899 2746 καί
920 2686 1050 2767 πρίσβις
1071 2684 1133 2748 α’πὸ
1155 2687 1214 2749 τοῦ
1267 2664 1279 2690 ⁸

121 2781 279 2860 βασιλέως
300 2781 332 2854 ἐς
348 2773 548 2862 Ἀνδρόνικον
573 2779 740 2844 στέλλεταί
754 2803 803 2854 τις
821 2781 883 2845 ror
903 2781 1062 2867 ἐντρόφων
1081 2785 1141 2845 τοῦ
1153 2782 1215 2866 βη-

77 2887 233 2961 τδματος,
293 2872 309 2940 ὅ
331 2875 497 2962 Ξιφιλῖνος
518 2869 558 2962 ἧν
578 2869 670 2954 οὗτος
691 2881 722 2942 Γ
721 2875 859 2961 ειάργιος,
882 2877 918 2953 ὃς
940 2885 996 2944 καί
1014 2883 1061 2954 εἷς
1075 2873 1152 2962 sium
1170 2885 1214 2968 τῷ

123 2977 266 3068 τυράννῳ
305 2975 469 3062 ἐληλυθώς
497 2975 538 3040 τά
559 3000 595 3040 τε
614 2975 789 3062 γράμματα
817 2977 988 3062 ἐνεχείρισε
1007 2977 1064 3043 καί
1082 2975 1121 3043 τά
1143 2980 1213 3043 θια-

192 3149 217 3202 8.
239 3147 390 3218 ἐρίσαντας
406 3147 437 3199 A.
512 3146 550 3200 ιδ.
570 3141 727 3218 δήπουθεν]
746 3143 782 3211 δή
799 3163 859 3202 τινι
877 3163 927 3217 πρ.
945 3147 975 3200 A.

121 3306 294 3362 consuetudo
314 3306 361 3356 illa
380 3313 411 3357 ut
427 3305 552 3374 plerique
570 3305 702 3358 caedibus
720 3313 748 3358 et
767 3309 898 3376 sangnine
923 3307 1039 3375 imperio
1055 3307 1211 3376 potiantur,

121 3381 219 3448 vulgus
239 3386 269 3430 et
286 3377 387 3429 sentiro
403 3384 432 3427 et
450 3376 528 3445 loqui
549 3376 671 3446 docuit),
688 3377 779 3430 navali
797 3395 888 3446 pugna
905 3379 1050 3430 imminens
1067 3378 1212 3432 discrimen

123 3459 246 3503 avertere
265 3456 386 3499 conatur.
402 3447 486 3514 igitur
504 3447 660 3498 triremibus
688 3457 819 3517 occupata
837 3456 879 3500 est
893 3449 1049 3517 Propontis,
1065 3448 1094 3500 in
1111 3450 1211 3518 quibus

121 3523 223 3591 partim
234 3519 346 3571 Romani
364 3517 534 3586 remigabant
550 3525 578 3569 et
588 3533 621 3568 ex
634 3517 763 3570 tabulatis
781 3518 949 3588 pugnabant,
970 3519 1069 3588 partim
1089 3519 1211 3574 diversae

123 3595 252 3646 nationes
270 3591 363 3642 Latini
379 3588 514 3650 nominis,
538 3604 600 3656 pars
619 3587 765 3640 fortissima
791 3597 820 3642 et
837 3590 1037 3659 pugnacissima
1054 3593 1210 3661 copiarum,

123 3663 242 3734 quibus,
267 3661 333 3730 quia
358 3660 420 3730 plus
443 3675 524 3730 quarn
548 3659 674 3710 Romanis
697 3660 782 3712 fretus
810 3669 882 3722 erat,
906 3663 1049 3730 pecuniam
1071 3663 1210 3731 ingentem

123 3732 294 3787 numerabat.
312 3749 373 3784 cum
391 3739 482 3782 autem
506 3729 559 3780 sibi
578 3729 722 3782 fidissimos
746 3731 907 3783 trierarcbas
927 3731 1047 3800 deligere
1065 3742 1094 3784 et
1111 3750 1210 3802 cogna·

123 3811 166 3857 tos
184 3820 250 3858 suos
268 3804 347 3855 classi
374 3801 521 3872 praeficere
549 3801 578 3852 in
602 3801 692 3853 animo
711 3802 844 3865 haberet,
870 3802 1093 3873 Co'ntostepbano
1111 3821 1207 3872 magno

125 3875 194 3927 duce
214 3873 373 3926 adversante
393 3881 420 3926 st
440 3872 637 3942 praefecturam
667 3871 758 3924 classis
781 3873 835 3924 sibi
852 3875 948 3944 quovis
963 3875 1044 3927 modo
1061 3875 1209 3928 vendican-

124 3955 161 4009 te,
181 3953 292 3998 coaetus
311 3944 456 4007 consilium
472 3951 560 3995 mutat
577 3942 865 4012 etContostepbanum
879 3947 1019 3998 universae
1029 3947 1109 3999 classi
1129 3962 1210 4014 prse-

124 4017 199 4079 ficit,
227 4015 364 4068 adiunctis
392 4015 474 4066 etiam
500 4016 620 4082 cognatis
646 4023 674 4068 et
699 4013 855 4069 domesticis
881 4017 945 4068 suis.
962 4018 1001 4068 ita
1022 4018 1209 4069 Orientalibus

124 4087 241 4139 navibus
254 4086 332 4138 aditu
354 4085 522 4146 intercluso,
542 4085 624 4154 paulo
644 4093 706 4154 post
726 4085 837 4156 quidam
857 4103 890 4137 ex
906 4088 1002 4140 ordine
1019 4087 1208 4148 sacerdotum,

126 4157 259 4228 Georgius
278 4155 455 4225 xiphilinus,
485 4157 519 4206 ab
547 4157 710 4227 imperatore
741 4155 777 4207 ad
801 4158 983 4210 Andronicum
1009 4160 1135 4212 mittitur.
1159 4159 1210 4228 qul

126 4245 186 4281 curn
212 4231 243 4282 in
269 4227 377 4295 tyranni
404 4235 577 4298 conspectum
601 4229 733 4294 lenisset,
756 4227 862 4282 litteras
888 4229 1027 4295 reddidit,
1047 4238 1075 4283 et
1092 4244 1163 4300 quae
1180 4230 1210 4283 in

180 4337 295 4392 Nicetes
316 4331 471 4386 choniates.
985 4349 1016 4387 ῃ,
