3017 4892
366 255 534 374 suerrus
567 305 770 376 uluunus
799 307 980 378 courum
1014 315 1050 376 τ.
1163 311 1249 400 οηη

168 460 259 546 παρὰ
292 461 441 526 τοσοῦτον
469 460 508 526 οό
537 462 592 528 τόν
624 457 731 546 προόην
762 464 859 528 ἓλιιονν
892 461 1028 547 πονηρόν
1049 465 1154 544 βίοτον
1178 466 1253 544 παρ’

169 554 245 624 ὅσον
261 557 300 622 οδ
327 561 384 641 τῆς
406 558 571 640 Ῥωμαίων
592 562 742 639 ἐπλάζετο
769 559 939 645 δπερόριος
961 561 1017 626 ιιαό
1035 563 1163 644 δωρειόν
1185 562 1253 624 ἑνε-

168 666 299 743 φορεῖτο
318 660 500 737 βασιλικῶν.
541 663 641 726 ἐκεῖσε
662 664 768 725 τοίνυν
791 654 835 723 τόν
847 656 903 725 τόν
921 662 981 723 τοῦ
992 655 1150 742 Μανουὴλ
1171 659 1253 743 η’νιο-

168 758 280 821 τίσατο
297 753 437 822 θάνατον
457 760 514 822 ιιαό
532 757 590 833 τός
610 759 644 822 όν
669 765 735 834 τοῖς
755 761 933 840 βασιλείοις
951 755 1063 832 νόσους
1082 752 1252 841 ηἰιριβιυιιε,

134 857 226 930 finci
244 855 288 929 ὥς
319 855 337 917 ό
367 853 519 938 βασιλεός
549 859 685 936 Ἀλέξιυς
707 855 880 937 όππασμοῖς
905 859 1065 938 διαχεῖται
1083 858 1138 920 ιιαί
1156 880 1254 942 προσ-

168 957 274 1036 τότηκε
312 955 455 1030 παιδιαίς
490 950 621 1031 ὁπόσαις
659 958 845 1042 φιληδοόσιν
885 955 915 1020 οἱ
941 954 1169 1039 παιδαριώδεις
1196 955 1287 1039 τὴνΡ.
1302 975 1351 1047 149

169 1049 343 1138 φρόνησιν,
369 1057 430 1118 τῶν
452 1056 487 1119 δὲ
507 1056 782 1138 παιδοκομοόντων
802 1053 903 1120 αδτόν
922 1056 1122 1137 εὐπατριδῶν
1144 1055 1174 1118 οὶ
1195 1055 1254 1134 μὲν

168 1149 250 1216 ιιατά
272 1152 331 1227 τός
349 1152 500 1234 μελίσσας
519 1153 622 1237 συχνοὶ
635 1152 714 1238 πρός
734 1153 794 1230 τός
814 1157 971 1240 ἐπαρχίαις
990 1152 1102 1218 λόουσι
1121 1150 1156 1218 τό
1180 1177 1254 1218 ute·

165 1245 226 1334 ρόν
244 1249 300 1314 καί
320 1251 363 1328 ὥς
382 1254 455 1333 με’λι
474 1251 511 1318 τό
534 1251 682 1338 χρήματα
696 1249 975 1335 trecassinensis,
997 1249 1029 1318 οἱ
1049 1254 1084 1316 δὲ
1097 1247 1179 1316 nord
1194 1248 1253 1325 τὰς

123 1379 161 1421 10
168 1343 260 1434 αἶγας
281 1354 338 1414 τοῦ
354 1352 410 1435 τῆς
441 1351 605 1432 βασιλείας
625 1354 721 1434 ε’ριόσι
739 1354 845 1416 δαλοῦ
862 1353 917 1416 καί
937 1352 1077 1434 συνεχῶς
1096 1353 1253 1434 ε’ροντιοῖσι

167 1451 290 1513 τουτονί
318 1449 509 1532 δρέπεσθαι,
542 1448 618 1516 ἔνιοι
635 1453 671 1516 δὲ
703 1451 761 1527 τός
781 1443 821 1527 ὗς
848 1453 1038 1534 μιμούμενοι
1060 1453 1095 1517 du
1111 1454 1172 1515 rein
1192 1450 1253 1535 ῥυ-

168 1549 361 1633 παρωτέριον
380 1547 541 1634 προσόδων
560 1553 765 1633 λιπαίνονται,
785 1550 865 1636 πρός
885 1554 945 1632 μὲν
958 1548 994 1617 τό
1014 1548 1178 1616 ἐπαινετόν
1197 1550 1253 1614 καί

167 1649 220 1731 τῆς
240 1649 344 1729 κοινῆς
364 1651 515 1732 πατρίδος
538 1648 698 1738 οόφόλιμον
725 1651 794 1715 οὐδ’
815 1651 966 1735 όναθρεῖν
985 1642 1065 1725 όλιυς
1084 1649 1154 1713 οὐδ’
1172 1641 1252 1714 όνα·

167 1743 295 1810 κόπτειν
321 1743 518 1830 αόροόμενοι,
556 1758 627 1824 ταῖς
643 1751 678 1814 δὲ
697 1758 860 1834 μυσαραῖς
880 1748 1149 1832 ἐγκαλινδούμενον
1168 1743 1251 1828 πρό-

124 1851 234 1926 ιόξεσι
254 1844 309 1910 ιιαί
329 1849 460 1921 ουιοδοῖς
481 1844 561 1934 πρός
582 1843 668 1912 ἅπαν
693 1848 935 1930 ε’γκυπτόζοντες
953 1852 1128 1933 χείριστον.
1170 1846 1252 1910 αι’τί·

167 1969 207 2010 ιιν
231 1936 289 2009 οόν
308 1947 499 2032 ἐφιλοιιρίνει
518 1944 573 2010 καί
592 1947 748 2032 ἅνηρεόνα
776 1947 1032 2032 περιεργότερον,
1053 1948 1097 2008 δι’
1116 1936 1154 2028 ἧς
1175 1938 1251 2008 esic·

165 2041 300 2132 φόρμως
327 2049 367 2130 τῇ
394 2043 541 2132 βασιλείρ
559 2048 719 2110 ἐπίθοιτο·
761 2046 817 2109 ναί
835 2043 968 2121 πολλοός
988 2041 1158 2128 λογισμοὺς
1179 2041 1250 2106 ἆνε-

164 2144 254 2222 λίξας
271 2146 326 2207 ιιαί
343 2147 448 2209 πᾶσαν
457 2141 604 2227 μηχανήν
623 2143 784 2225 μετελθών
795 2147 882 2219 τέλος
900 2141 934 2208 τό
955 2145 1014 2208 τοῦ
1035 2135 1128 2227 όρκου
1147 2145 1250 2223 βιβλί-

164 2265 200 2306 ον
220 2239 339 2308 ἔπεισιν
358 2237 394 2308 όν
412 2247 454 2332 τῷ
473 2241 635 2326 Μονουὴλ
663 2242 719 2308 καί
735 2246 781 2331 τῷ
799 2241 860 2330 υἱῷ
879 2245 999 2308 ἐκείνου
1016 2243 1144 2329 Ἀλεξιηι
1164 2236 1278 2324 εἶχενυ

117 2337 340 2424 αοόμαιμοκοός
351 2391 361 2425 ,
392 2341 448 2407 ιιαί
469 2347 543 2424 μεθ’
569 2339 682 2428 ἑτέρων
702 2342 807 2429 εὖροόν
833 2338 986 2426 ῥημάτιον
1005 2346 1062 2406 καί
1076 2344 1177 2406 ταῦτα
1198 2344 1250 2424 s'y-

164 2439 366 2523 ιιείμενα-.
387 2437 492 2524 χρεοόν
513 2444 549 2508 δὲ
560 2439 603 2526 μη
620 2438 824 2507 όπονοδεόειν
842 2437 934 2526 ἑτέρα
948 2438 1065 2526 φρόοει
1085 2437 1126 2504 τό
1147 2438 1250 2522 ῥήμα-

163 2567 222 2622 τα,
242 2542 310 2606 αλλ’
332 2537 375 2618 ιός
399 2539 452 2605 ἐπί
470 2541 581 2619 λέξειαν
602 2535 702 2624 εἶχον,
725 2541 847 2607 οιότοοσί
865 2541 921 2605 καί
940 2543 1064 2625 δηλοῦν.
1086 2538 1250 2628 διεξῄεσαν

165 2643 202 2706 δὲ
224 2630 286 2704 ὧδε
306 2641 384 2722 ,καί
403 2637 437 2704 τί
452 2664 484 2703 τι
505 2641 540 2704 δὲ
559 2637 619 2706 ἴδοι
644 2636 666 2725 ἢ
686 2640 789 2724 νοήσω
808 2634 828 2724 ἢ
847 2639 927 2727 ἀκοῇ
947 2638 1178 2725 παραλήψομαι
1203 2642 1249 2714 είς

165 2739 297 2822 ἀτιμίαν
317 2738 408 2821 ὑμῶν
427 2743 483 2806 καί
504 2738 607 2826 λόμην
625 2745 682 2806 τοῦ
701 2740 855 2827 ὑμετέρου
868 2741 1040 2827 φερόμενον
1060 2742 1247 2822 οτὲμματος,

236 2919 262 2972 5.
278 2915 449 2990 tunnensis]
469 2914 647 2988 παιγνιδίοιε
664 2919 712 2969 zei
730 2916 913 3000 ἐγρρδσμασι
928 2913 1001 3034 plui
1019 2912 1145 2967 παιδίων
1161 2914 1249 2978 ἀνοή-

235 3005 292 3041 των
310 2991 405 3049 παίζει
422 2989 450 3040 Β.
522 3005 562 3041 ιι.
612 2982 663 3044 τός
680 2979 724 3060 ὗς]
745 3005 795 3044 τας
810 2992 913 3057 μιγιιις
1029 2983 1248 3056 ῥυπαρωτέριονΙ

235 3059 436 3189 ᾖρρςαρΔορτίρυν
458 3057 496 3124 Δ,
513 3059 681 3130 παχυτέρων
704 3059 754 3109 καὶ
771 3057 971 3127 λιπαρωτέρων
987 3055 1016 3106 Β.
1104 3069 1146 3107 no.
1164 3055 1247 3124 εδρη·

165 3275 238 3327 tnrio
259 3275 363 3338 exilio,
382 3274 430 3327 sed
448 3275 583 3327 aerumnis
603 3275 659 3327 iliis
679 3291 800 3327 errorum
817 3274 905 3335 liber,
924 3279 953 3323 et
965 3268 1140 3338 imperatoria
1157 3269 1248 3319 mnni-

165 3347 276 3398 licentia
292 3345 440 3397 fruebatur.
461 3363 494 3397 eo
514 3347 575 3397 loco
593 3347 692 3415 degens
717 3363 777 3396 curn
795 3343 930 3397 Manuelis
950 3342 1057 3393 obitum
1079 3346 1107 3389 et
1126 3339 1248 3407 palatina

164 3415 280 3468 dissidia
300 3426 328 3468 et
345 3417 434 3468 Alexii
452 3417 635 3487 equitationes
653 3424 681 3467 ct
704 3416 795 3478 lusus,
819 3415 920 3483 quibus
938 3410 1056 3481 puerilis
1076 3409 1184 3476 ingenia
1203 3427 1249 3460 εει-

186 3488 294 3550 iuntur,
313 3487 451 3552 audisset,
482 3495 618 3540 curatores
634 3502 697 3538 vero
717 3486 776 3537 eius
793 3484 923 3554 patricios
940 3482 1039 3551 purtim
1056 3487 1088 3530 ut
1106 3496 1171 3550 spes
1189 3497 1248 3532 ere-

163 3503 217 3609 ότο
235 3559 264 3608 in
283 3559 435 3626 provincias
455 3559 562 3610 evolare
581 3567 609 3610 et
625 3573 673 3626 pro
691 3557 773 3607 melle
790 3556 933 3626 pecuniam
952 3567 1111 3620 congerere,
1130 3552 1247 3621 partim,

163 3636 198 3680 ut
213 3645 309 3698 caprae
330 3627 459 3692 frondes,
486 3631 525 3680 ita
552 3629 693 3698 imperium
715 3628 887 3678 continenter
904 3631 1048 3694 appetere,
1068 3625 1166 3692 purtim
1183 3640 1247 3692 por-

164 3715 258 3750 corum
276 3699 429 3752 imitatione
442 3699 559 3751 sordidis
578 3699 754 3769 proventibus
770 3699 954 3766 pinguescere,
971 3692 1060 3744 laudis
1077 3710 1141 3744 vero
1160 3701 1188 3744 et
1207 3696 1246 3744 rei

162 3767 293 3840 publicae
310 3771 413 3821 nullom
433 3787 542 3838 prorsus
563 3771 695 3821 rationem
714 3767 830 3831 habere,
854 3766 902 3817 sed
920 3767 948 3817 in
963 3763 1136 3832 turpitudine
1152 3773 1181 3815 et
1197 3763 1247 3815 lla-

163 3840 239 3908 gitiis
258 3841 383 3892 omnibus
401 3841 521 3892 volutari
545 3843 737 3910 comperisset,
758 3839 905 3907 speciosam
923 3835 1070 3888 invadendi
1088 3837 1163 3901 regni
1182 3851 1249 3885 cau·

163 3927 221 3962 eum
240 3913 383 3980 quaeritet.
402 3929 433 3962 ac
451 3920 513 3980 post
532 3913 618 3963 varias
645 3910 822 3978 cogitationes
844 3918 873 3961 et
886 3907 1052 3976 multiplices
1072 3916 1184 3956 conatus
1203 3907 1247 3955 iu-

164 3983 312 4034 risiurandi
333 3983 477 4044 libellum,
508 3983 582 4052 quod
598 3981 722 4034 Msuueli
749 3990 778 4032 et
794 3981 853 4030 silio
872 3981 931 4030 eins
946 3979 1043 4030 Alexio
1062 3975 1189 4041 dederat,
1207 3975 1249 4026 le-
1336 4003 1341 4016 ι

164 4054 211 4120 git.
230 4055 330 4122 inquo
351 4071 411 4104 curn
428 4052 510 4104 verba
526 4069 582 4104 non
601 4055 629 4104 in
647 4053 730 4103 alium
749 4069 858 4102 sensum
877 4047 1065 4118 detorquenda
1083 4053 1182 4109 essent,
1199 4046 1249 4097 sed

165 4125 194 4173 in
213 4141 261 4174 sun
280 4124 380 4176 nativa,
397 4124 594 4192 significatione
615 4123 789 4193 accipienda,
816 4124 864 4173 ille
882 4121 946 4172 huic
963 4119 1101 4171 clausulae
1119 4118 1161 4180 „si
1180 4117 1248 4184 quid

165 4195 258 4248 sidero
277 4202 326 4247 aut
356 4195 516 4250 intellexero
541 4204 588 4250 aut
607 4195 750 4260 audivero,
776 4193 851 4266 quod
876 4193 974 4247 honori
992 4190 1106 4260 imperio
1122 4198 1150 4240 et
1166 4187 1248 4239 soluti
