3017 4892
311 341 369 456 98
657 358 832 432 mmsis
864 357 1101 431 mominis

309 518 366 604 την
383 507 485 603 άκραν
506 515 666 597 ἀναιμωτί
684 507 792 598 όόσπερ
812 511 873 596 πρό
895 517 1005 596 τρίτης
1022 510 1082 595 τὴν
1102 509 1283 593 Κέρκυραν.
1323 509 1391 574 attt’

307 618 459 702 άνδράσιν
486 614 626 697 έντυχσόν
657 616 700 700 νῷ
719 615 947 691 διοικουμένοις
972 608 1027 674 καί
1048 607 1107 693 τήν
1127 611 1185 693 τῆς
1207 611 1394 693 simonias

307 713 365 781 οὖν
377 714 538 800 η’γνοηκόσι
551 713 700 800 Παφίαν,
722 710 924 796 ἀπεκρούσθη
947 708 991 784 ὦς
1010 710 1041 773 εἰ
1057 707 1113 772 καί
1130 705 1275 796 προβόλῳ
1293 729 1394 792 προσ·

306 819 418 899 έβαλεν
441 810 613 902 άτινάκτιρ,
640 815 696 877 καί
714 811 863 898 πρύμναν
887 805 1098 894 κρουσάμενος
1124 809 1246 872 ε’κεῐθεν
1276 804 1394 890 ἀνάγει

225 929 253 982 P.
264 930 360 982 δοται
389 907 555 1000 άπρακτος.
610 909 750 996 όπερβάς
773 913 811 975 δὲ
839 907 895 974 τόν
913 909 969 973 sut
993 910 1132 972 Μαλέαν
1153 910 1272 986 πλοῦν,
1303 903 1419 972 ἄντι-5

304 1014 413 1089 πνοίας
447 1017 582 1097 γέμοντα
614 1012 736 1097 πάσης,
769 1011 846 1094 περί
876 999 917 1071 οὗ
951 1006 1125 1071 καὶταῦτα
1146 1006 1392 1090 παροιμιάζεται

221 1133 229 1140 ·
302 1117 464 1196 ,Μαλέαν
488 1115 515 1176 δ’
536 1108 721 1192 ἐπικάμψας
740 1109 895 1174 ἐπιλάθου
914 1108 976 1171 τῶν
994 1102 1101 1170 οἴκαδε
1113 1107 1145 1188 ,”
1163 1102 1219 1169 τόν
1239 1105 1390 1186 ἐσέχοντα

301 1212 448 1298 πορθμόν
476 1203 645 1293 ἀνάγεται,
673 1211 728 1274 καί
745 1205 787 1272 τά
810 1202 923 1271 τοότου
947 1200 1144 1290 ἑκατέρωθεν
1163 1202 1263 1267 ε’πιιόν
1284 1205 1325 1268 od
1344 1201 1388 1267 τά

300 1305 478 1396 εόχείρυτα
507 1307 607 1391 μόνον
637 1308 815 1388 κατέδραμε
846 1307 934 1370 λείαν
963 1308 1148 1386 τιθέμενος,
1172 1300 1252 1366 άλλό
1271 1305 1327 1366 καί
1345 1301 1386 1367 τά

299 1403 403 1484 άλλως
432 1405 661 1491 ἐπικαιρότατα
694 1408 749 1470 καί
777 1401 972 1481 δυσάλωτα,
1000 1403 1042 1466 τά
1068 1406 1129 1483 μέν
1152 1397 1301 1488 όμολογιρι
1319 1418 1435 1485 χει-ιο

298 1508 452 1595 ροόμενος
479 1504 521 1571 τά
558 1506 594 1569 δὲ
625 1507 750 1594 πολέμῳ
783 1506 1014 1584 δουλούμενος,
1049 1501 1244 1585 Ἀκαρνάνάς
1269 1523 1305 1564 τε
1332 1503 1389 1566 καί

298 1603 464 1680 Αίτωλοός
493 1603 570 1680 τούς
598 1607 655 1668 νῦν
676 1603 863 1686 λεγομένους
890 1597 1073 1686 Ἀρτινοός,
1105 1598 1161 1664 καί
1179 1594 1239 1666 ’όσα
1258 1599 1388 1684 πάραλον

298 1707 453 1791 οἷμαυρῶν
472 1702 528 1770 τόν
550 1699 766 1787 Κορινθιακόν
794 1701 909 1766 κόλπον
929 1701 1121 1779 εἰσέπλευσε.
1143 1703 1200 1765 καί
1217 1700 1262 1787 τῷ
1282 1704 1389 1783 Κρισ·

297 1807 377 1894 ααίιρ
395 1811 499 1888 λιμένι
520 1800 770 1890 προσορμισθεὶς
799 1809 865 1877 τοῖς
885 1804 919 1867 έν
939 1797 1091 1888 μεσογείῳ
1111 1804 1232 1885 θαρρεῖ
1247 1803 1388 1883 προσβα·

296 1910 379 1988 λεῖν,
412 1904 529 1969 οὐδένα
558 1899 641 1987 ἔχων
660 1899 834 1967 άντίπαλον
854 1902 1043 1968 ἰσοστάσιον.
1083 1900 1196 1982 α’μέλει
1217 1895 1310 1962 aoid
1330 1894 1436 1963 τοῦτό

266 2001 411 2072 sasitos
440 2000 579 2090 ἀρχηγός
597 2000 632 2069 τό
655 2001 819 2068 ὁπλιτεῦον
837 1998 894 2066 καί
914 1996 1010 2082 ψιλόν
1030 2003 1089 2066 τοῦ
1106 2002 1244 2083 στρατοῦ
1264 1999 1310 2073 είς
1329 1992 1407 2062 τόν

296 2107 358 2182 ξεις
380 2103 570 2189 διειληφώς,
591 2105 647 2168 καί
666 2108 817 2185 χερσαῖος
839 2102 951 2186 φανείς
978 2099 995 2165 ό
1015 2103 1094 2174 τέως
1113 2098 1284 2174 θαλάττιος
1304 2093 1387 2162 κατά

295 2208 359 2270 τεόν
380 2205 481 2288 κητῶν
513 2201 554 2266 τά
578 2201 862 2286 α’μφιβοσκόμενα,
886 2202 927 2285 τῇ
948 2200 1097 2286 Καδμείη
1114 2200 1156 2284 γῇ
1173 2197 1387 2282 παρενέβαλε,

294 2303 351 2366 καί
371 2299 430 2376 τάς
451 2302 486 2364 έν
505 2303 591 2386 μέσῳ
612 2299 807 2379 κωμοπόλεις
827 2294 906 2360 όδοό
928 2293 1087 2379 πάρεργον
1106 2291 1294 2377 ληϊσάμενος
1316 2304 1388 2373 ταῖς

295 2394 486 2470 όπταπόλοις
508 2394 632 2480 Θήβαις
666 2395 882 2479 προσέβαλεν,
912 2382 956 2457 ὧν
976 2392 1034 2456 καί
1048 2390 1212 2476 γενόμενος
1231 2393 1435 2480 ε’γκρατηςτο

294 2493 519 2580 αἀανθροόπιυς
537 2503 603 2570 τοῖς
621 2497 692 2560 έκεΐ
707 2495 920 2578 προσηνέχθη.
971 2489 1052 2557 κατά
1073 2491 1136 2577 γάρ
1160 2490 1302 2559 παλαιάν
1322 2495 1387 2580 φη-

294 2619 358 2680 μην
376 2597 431 2679 τῆς
453 2591 574 2668 πόλεως
594 2593 636 2670 ὡς
655 2595 826 2668 πλουσίους
847 2589 1030 2678 τρεφούσης
1052 2590 1215 2678 οἰκήτορας
1234 2595 1281 2669 εἰς
1299 2617 1382 2680 χρη.

370 2769 390 2804 ι.
407 2747 514 2823 ὥσπερ]
536 2749 573 2809 uic
590 2753 620 2805 A.
706 2767 744 2806 ιτ.
760 2749 919 2824 ’ΛριιναδςῙ
940 2740 1067 2821 α’ρπιοός
1082 2769 1115 2821 pr
1136 2755 1164 2804 B.
1181 2751 1250 2811 τοδς
1265 2752 1385 2838 -ηἎρ

360 2822 457 2880 ιινοός
472 2839 516 2874 om
537 2823 567 2873 Λ.
656 2823 695 2892 ιδ.
714 2827 926 2892 καθορμισθεὶς
943 2824 974 2874 Δ.
1068 2826 1108 2878 16.
1129 2821 1161 2878 τό
1182 2822 1257 2898 out]
1277 2841 1309 2876 το
1330 2829 1386 2877 rod

363 2895 486 2963 στρατοῦ
513 2891 656 2962 ἐλαφράν,
680 2892 750 2975 γοδς
774 2895 843 2964 παρ’
867 2895 937 2965 ημῖν
962 2893 1133 2978 λεγομένους
1157 2895 1338 2968 βασμοδλυυς
1354 2895 1385 2946 B.

364 2961 775 3106 t}·l.‘“²'²tl‘l{ltltt,i,·1
792 2967 1115 3104 ,mititttll²⁶“
1138 2966 1168 3018 s.
1255 2981 1297 3020 '⁰'
1314 2962 1382 3038 “²³¹

292 3154 509 3227 promontorium
528 3154 594 3206 citra
613 3155 782 3222 sanguinem,
799 3154 1029 3224 quemadmodum
1047 3154 1132 3225 paulo
1148 3163 1213 3206 ante
1230 3153 1383 3222 Corcyram,

294 3235 482 3295 occupaturus.
504 3224 553 3276 sed
572 3243 633 3276 cum
654 3227 684 3276 iu
701 3227 773 3276 viros
799 3225 925 3277 cordatos
943 3234 972 3277 et
991 3227 1127 3277 libertatis
1145 3225 1320 3277 dulcedinem
1336 3243 1385 3278 ex-

293 3305 386 3367 pertos
408 3293 566 3358 incidisset,
592 3297 630 3347 ita
648 3297 773 3365 repulsus
790 3304 832 3347 est
849 3313 880 3347 ac
898 3297 921 3348 si
940 3297 970 3347 in
986 3306 1091 3366 petram
1109 3295 1278 3348 immobilem
1296 3297 1384 3366 impe-

294 3371 390 3435 gisset,
415 3367 573 3436 iniectaque
598 3384 642 3430 re,
670 3369 751 3418 remis
778 3366 991 3418 dissimulandae
1018 3369 1097 3437 fugae
1115 3385 1197 3418 causa
1214 3365 1250 3417 ad
1269 3367 1384 3436 puppim

296 3436 444 3498 conversis,
464 3435 595 3488 discessit.
616 3438 759 3508 citatoque
777 3437 911 3489 Maleensi
928 3439 1061 3503 traiectu,
1079 3447 1221 3489 ventorum
1240 3437 1383 3490 contrariis

294 3506 423 3576 procellis
442 3506 558 3570 inserto,
578 3506 681 3577 dequo
699 3508 872 3576 proverbium
891 3518 1049 3577 usurpatur:
1069 3507 1104 3560 ad
1121 3508 1239 3560 Maleam
1258 3526 1319 3559 cum
1338 3524 1384 3559 ac·

296 3577 425 3639 cesseris,
444 3593 537 3628 eorum
555 3593 626 3646 quae
644 3577 718 3630 domi
738 3577 822 3630 babes
846 3577 1022 3641 obliviscere,
1042 3579 1141 3631 fretum
1158 3580 1275 3631 interius
1292 3577 1384 3648 ingre-

296 3648 380 3699 ditur.
405 3656 433 3698 et
456 3648 527 3699 latus
550 3649 607 3700 eius
625 3657 764 3720 utrunque
781 3657 956 3719 pervagatus,
986 3667 1042 3702 uon
1059 3658 1153 3720 aperta
1170 3650 1231 3701 locn
1248 3649 1384 3702 duntaxat

295 3717 442 3788 populatus
465 3726 523 3782 cst,
545 3719 594 3770 sed
608 3729 763 3788 opportuna
781 3721 863 3771 etiam
883 3729 911 3772 et
920 3721 1026 3772 munita
1045 3721 1144 3790 partim
1164 3723 1194 3772 iu
1213 3719 1384 3773 deditionem

296 3789 401 3858 accepit
418 3791 517 3857 partim
533 3789 560 3841 vi
579 3789 703 3858 subegit;
725 3800 809 3860 atque
826 3791 996 3856 Acarnania,
1013 3792 1138 3855 Aetolia,
1161 3809 1232 3862 quae
1250 3792 1384 3843 nunctlr-

295 3860 365 3912 tinia
383 3859 497 3923 dicitur,
523 3865 636 3928 totaque
658 3876 705 3911 ora
724 3863 859 3914 maritima
876 3870 991 3925 vesnia,
1009 3861 1213 3914 Corinthiacum
1230 3862 1320 3914 sinum
1339 3861 1384 3913 in-

296 3937 358 3982 trat.
377 3937 406 3981 et
423 3932 452 3981 in
464 3931 615 3981 Crissueum
632 3939 740 4000 portum
756 3933 893 3997 invectus,
913 3933 943 3985 iu
959 3931 1159 3984 mediterranea
1177 3932 1383 4003 impressionem

297 4001 386 4052 lucere
404 4015 484 4050 ausus
506 4007 562 4062 est,
583 4017 643 4051 cum
661 4003 798 4054 neminem
816 4003 998 4063 advetsarium
1013 4019 1106 4072 parem
1123 4003 1245 4056 baberet.
1259 4009 1383 4071 praeter-

298 4088 329 4122 ea
353 4070 447 4122 classis
470 4069 623 4138 praefectus
641 4075 714 4140 gravi
733 4083 762 4126 et
773 4074 827 4125 levi
845 4082 981 4126 armatura
998 4073 1027 4124 in
1043 4075 1128 4127 aciem
1147 4091 1161 4126 e
1179 4072 1295 4125 navibus
1313 4071 1383 4123 edu-

299 4149 358 4204 cta,
386 4147 508 4191 cetorum
525 4141 611 4192 instar
628 4144 676 4212 qui
693 4143 827 4214 pabulum
852 4145 982 4213 utrinqne
1005 4153 1120 4215 petunt,
1136 4145 1165 4196 in
1185 4142 1324 4195 Boeotiam
1343 4142 1383 4193 ir-

300 4229 331 4264 ru
354 4211 391 4272 it;
415 4217 443 4260 et
465 4209 615 4264 interiectis
642 4215 751 4286 oppidis
777 4217 868 4268 obiter
887 4214 1001 4283 direptis
1022 4215 1131 4268 Thebas
1158 4215 1244 4284 cepit,
1260 4220 1288 4263 et
1308 4212 1380 4264 cives

303 4283 310 4298 '
351 4281 486 4332 umaniter
515 4285 648 4338 tractarit.
668 4287 715 4356 qui
734 4303 795 4338 cum
821 4301 855 4337 ex
872 4286 986 4357 antiquo
1004 4303 1111 4338 rumore
1131 4285 1229 4337 divites
1246 4281 1382 4335 habereu-
