3017 4892
283 268 367 356 832
614 291 789 361 uiuacis
816 291 1050 360 cuosusssu

282 442 335 519 κός
367 444 401 521 ἐς
426 448 539 527 χεῖρας
572 440 671 534 ίόντος
706 442 760 508 διά
791 442 824 508 τά
858 445 916 526 τῆς
935 442 1053 524 τόλμης
1072 439 1274 524 παράβολον,
1297 445 1385 510 καθ’

280 543 404 628 ἡλικίαν
433 539 534 618 αότάς
554 535 806 624 ἦχμαλοότευσαν
833 543 889 606 καί
906 537 946 604 τά
965 540 1055 624 τείχη
1076 535 1288 624 κατήρειψαν.
1336 545 1386 608 ου’

281 639 364 723 μόνα
383 642 420 705 δὲ
444 638 485 704 τά
516 638 595 725 πρός
626 639 794 705 θάλασσαν
818 635 915 716 οῦτως
939 635 1090 724 ἔπραττον
1109 648 1180 715 ταῖς
1199 643 1265 706 τάν
1288 645 1383 706 Σκυ-

281 744 350 805 θῶν
369 740 545 824 εάχειρίαις
565 741 621 803 καί
637 739 830 822 γενναιότησι
852 737 908 802 καί
931 737 994 802 suiv
1014 731 1175 817 ἑπομένων
1197 740 1315 825 σφίσιν
1342 741 1383 803 ἐκ

282 845 342 904 τοῦ
354 842 519 921 Βλαχικσῦ
538 827 743 921 συστήματος,
764 834 794 900 οὶ
811 841 866 902 καί
883 839 1004 918 μᾶλλον
1024 844 1090 912 τοῖς
1104 835 1288 919 περιβόλοις
1309 843 1410 908 scisti

284 934 404 1002 πόλεων
426 935 649 1019 ἐπεβούλευον,
670 935 833 1012 σκαπάνος
852 939 908 1000 καί
929 933 1015 999 πτόα
1034 935 1265 1020 χαριζόμενοι,
1289 935 1381 1000 ἀλλά
1494 988 1503 1005 .

253 1033 386 1104 candaci
409 1041 461 1120 τῆς
480 1027 584 1118 ἀλμης
602 1033 803 1121 ἀφιστάμενα
822 1033 925 1099 πάντα
945 1042 1010 1109 τοῖς
1036 1035 1144 1109 αάτοῖς
1171 1037 1227 1099 καί
1243 1039 1384 1120 χείροσι

282 1144 388 1211 κακοῖς
398 1131 640 1218 προσεπάλαιον,
656 1137 815 1219 μηδεμιᾶς
831 1135 957 1208 ἐλπίδος
973 1135 1019 1208 είς
1038 1135 1198 1218 σωτηρίαν
1206 1132 1382 1216 ἀποκειμέ-

282 1257 348 1321 νης,
359 1236 429 1300 ἐπεί
441 1235 499 1298 καί
511 1230 622 1317 ἀηθως
633 1236 668 1299 tx
690 1237 835 1311 δουλείας
849 1231 1035 1318 ἐλευθερίας
1054 1229 1289 1318 ηάμοιρηκότες,
1309 1237 1382 1299 τῶν

282 1339 438 1417 μεγίστων
457 1331 511 1398 ἀεί
538 1335 699 1419 ἐφιέμενοι
720 1334 833 1398 ου’δένα
862 1335 921 1414 μὲν
944 1335 1003 1396 τοῦ
1023 1328 1254 1418 δυσπραγὴσιιν
1274 1323 1427 1409 αόθιςιο
1497 1344 1502 1367 ⁴

282 1431 375 1516 λόγον
394 1434 539 1514 τιθέασι,
562 1439 634 1509 ταῖς
655 1433 690 1496 δὲ
712 1430 973 1516 παρατυχοόσαις
999 1429 1114 1512 τόχαις
1133 1429 1189 1494 καί
1207 1432 1309 1508 νίκαις
1329 1427 1380 1506 ὥς

284 1529 339 1596 ἐπὶ
354 1537 496 1604 πλεῶνον
524 1531 762 1613 όπεξερχόμενοι
794 1530 857 1595 scis
873 1532 933 1611 μὲν
952 1525 1063 1614 πρώην
1082 1531 1187 1596 τέλεον
1205 1530 1379 1612 ἐπιλήθου·

283 1655 357 1710 τοι,
378 1634 444 1706 τοῖς
465 1633 497 1694 δ’
517 1624 664 1694 όνεσιοῦσι
683 1629 845 1714 γηθονιαό
854 1652 889 1693 τε
910 1631 965 1694 καί
982 1629 1194 1711 ἐνυβρίζουσι.
1219 1628 1273 1694 διά
1295 1633 1378 1694 ταῦ-

285 1753 326 1794 τα
345 1732 450 1797 τοίνυν
469 1724 541 1813 ἥτε
560 1729 704 1811 λαχοῦσα
732 1727 880 1813 πολιστην
897 1727 952 1793 τόν
972 1729 1140 1814 Ἀρκάδων
1163 1731 1217 1793 καὶ
1236 1725 1378 1814 Μεσὴνη

286 1829 341 1896 issi
366 1831 443 1917 τῇδε
465 1826 522 1893 καί
538 1825 619 1911 πρός
653 1825 736 1914 αὐτῇ
762 1824 962 1910 Γςουρουλός
982 1823 1022 1891 τά
1043 1829 1105 1892 τάν
1125 1829 1238 1892 δεινοῖν
1258 1827 1377 1892 πεπόν-
1393 1835 1425 1898 15

286 1932 386 1994 θασιν
408 1923 548 2011 ἔσχατα,
570 1923 627 1990 καί
655 1922 751 2010 ἀγροὶ
779 1929 837 1990 καί
855 1929 960 2008 κιῦμαι
985 1929 1042 1990 καί
1060 1917 1159 1992 acilia
1180 1923 1284 1991 ὅπόοοι
1305 1936 1379 2002 ταῖς

287 2029 401 2093 πόλεσι
421 2026 554 2106 ταάτσις
583 2025 767 2092 ῦπόκυπτον
786 2021 958 2109 πρότερον,
987 2023 1044 2090 καί
1063 2019 1125 2092 ica
1145 2027 1178 2100 ἐς
1196 2023 1298 2108 odaia
1317 2024 1380 2109 την

254 2125 411 2193 nattam
430 2131 542 2192 πασοῦν
562 2121 821 2211 προεδρείουσαν
849 2126 1094 2207 παρατείνουσι,
1113 2133 1182 2201 ταῖς
1202 2127 1380 2200 Σκυθικοῖς

286 2227 383 2310 χερσί
402 2228 646 2307 καθυπόκυφαν.
688 2223 743 2288 ἐπί
761 2225 840 2288 πᾶσι
862 2226 917 2286 καί
938 2220 968 2286 oi
989 2219 1025 2286 τό
1048 2222 1188 2305 πόλισμα
1208 2220 1260 2290 τόν
1278 2223 1380 2290 Ἀθό-

286 2349 348 2408 ραν
376 2325 531 2400 οἰκοῦντες
558 2321 706 2408 ὀλέθροις
734 2321 916 2406 ἀνηκέστοις
945 2316 1192 2408 περιεπάρησαν.
1244 2321 1286 2388 τά
1318 2327 1427 2404 μὲνιο

284 2420 349 2508 γάρ
373 2426 483 2506 προῖκα
503 2421 558 2487 ε’πδ
575 2421 722 2508 χρήμασι
742 2429 808 2496 τοῖς
829 2419 971 2495 Σκόθαις
991 2423 1189 2505 συνέβησαν,
1220 2425 1277 2486 καί
1295 2414 1382 2506 ἦσαν

286 2520 321 2587 οἳ
338 2523 374 2586 όκ
393 2524 528 2586 Σκυθῶν
546 2519 719 2606 ἀφιγμένοι
738 2517 779 2584 τά
801 2521 835 2582 ἐκ
855 2523 981 2604 χρυσοῦ
999 2520 1200 2604 εἰσέπραττον
1219 2519 1383 2602 κόμματα·

285 2617 365 2704 πρός
385 2622 414 2684 δ’
435 2615 573 2702 ἑσπέραν
590 2617 683 2683 ἐνίων
701 2615 823 2682 ἐκεῖθεν
844 2615 1090 2702 ἀπαντησάντων
1111 2622 1210 2685 ἐκεῖσε
1229 2625 1285 2684 τοῦ
1305 2627 1381 2686 Λα-

285 2722 404 2786 τινικοῦ
425 2715 642 2802 συντάγματος
665 2713 685 2780 ό
704 2719 801 2802 συνῆν
823 2720 858 2782 όν
872 2715 1045 2806 Ῥσιδεστρῑ
1066 2721 1110 2805 τῷ
1130 2721 1261 2805 Βρονρῖ,
1281 2743 1379 2802 κεχαψ

286 2821 442 2908 ρισμένως
473 2819 585 2905 σφίσιν
612 2809 681 2882 ἀλλ’
710 2817 751 2880 ου’
782 2815 962 2903 προσάντως
991 2813 1021 2882 ot
1040 2819 1075 2885 ἐν
1093 2817 1218 2906 Ἀθόρρ
1234 2823 1424 2908 τροσφὲ-τό

286 2977 289 2985 f
358 3003 402 3057 23.
420 2995 534 3059 caasser
550 2998 768 3073 expungendum.

291 3189 407 3238 struunt
424 3196 475 3233 nac
500 3197 548 3233 ora
565 3181 701 3233 maritima
730 3181 864 3232 duntaxat
889 3179 924 3232 ab
942 3179 1155 3250 expeditissimis
1175 3187 1204 3233 et
1222 3181 1379 3236 fortissimis

291 3253 399 3321 Scythia
418 3261 446 3305 et
462 3252 587 3305 blachica
605 3253 736 3314 cohorte,
769 3267 840 3321 quae
858 3249 921 3304 illos
941 3253 1124 3305 comitabatur
1138 3251 1282 3304 moenibus
1300 3254 1380 3305 urbi-

291 3343 339 3376 um
353 3341 415 3376 cum
430 3323 552 3375 vectibus
579 3331 608 3374 et
626 3321 764 3391 ligonibus
783 3323 900 3386 insessa,
918 3323 958 3374 sic
975 3330 1091 3374 tractata
1108 3330 1163 3375 est:
1184 3322 1233 3376 sed
1248 3322 1379 3376 mediter-

292 3411 378 3448 ranea
402 3410 513 3464 qnoque
533 3394 612 3447 malis
632 3392 730 3444 iisdem
751 3400 780 3445 et
796 3393 964 3461 gravioribus
983 3401 1046 3444 sunt
1062 3409 1209 3463 oppressa,
1233 3395 1309 3446 nulla
1330 3409 1379 3463 spe

292 3466 390 3518 salictis
408 3464 562 3533 aliarlgente.
583 3481 646 3516 nasu
665 3465 764 3533 quiex
780 3465 912 3516 servitute
931 3465 1066 3516 insuetam
1084 3463 1240 3517 libertatem
1261 3466 1379 3534 propitia

204 3577 212 3591 ι
293 3535 404 3590 fortuna
433 3536 572 3588 consecuti
598 3542 676 3597 sunt,
702 3534 820 3586 maxima
844 3542 978 3604 perpetuo
997 3538 1174 3599 affectantes,
1194 3551 1285 3605 neque
1302 3553 1332 3586 se
1349 3536 1379 3588 iu

292 3614 434 3676 posterum
454 3605 601 3658 calamitati
620 3605 671 3656 ulli
688 3605 747 3657 lore
774 3603 906 3656 obnoxios
924 3605 1082 3674 opinantes,
1104 3606 1273 3658 successibus
1291 3615 1319 3656 et
1335 3608 1379 3657 ai.

294 3677 389 3727 ctosiis
407 3679 490 3728 clluse
514 3677 674 3744 indulgent,
705 3674 815 3743 pristini
841 3683 927 3728 status
949 3675 1048 3740 obliti,
1075 3678 1294 3744 praesentirem
1312 3677 1378 3728 lacti

294 3754 324 3798 et
351 3746 509 3799 insolentes.
527 3746 643 3818 proinde
669 3744 857 3816 Arcadiopolis
887 3745 1000 3798 Mesena
1026 3755 1055 3799 ct
1071 3747 1204 3811 Zurulua,
1232 3765 1293 3800 cnsn
1310 3747 1378 3815 agris

292 3815 366 3870 villis
387 3823 415 3866 ct
431 3818 506 3869 omni
523 3833 558 3870 eo
576 3817 650 3886 qnod
670 3817 703 3868 iis
721 3815 836 3868 nabibus
853 3815 919 3868 olim
936 3817 1037 3887 paruit,
1056 3826 1189 3872 extremas
1208 3817 1298 3870 clades
1315 3826 1379 3869 aunt

292 3901 454 3958 perpessae3
482 3896 510 3940 et
539 3905 611 3957 quae
641 3888 676 3939 ad
693 3886 788 3938 urbem
807 3888 935 3940 omnium
950 3888 1101 3957 principem
1121 3905 1207 3958 usque
1225 3890 1378 3959 pertinent,

293 3958 386 4010 omnia
405 3965 469 4008 sunt
496 3974 512 4007 a
530 3958 637 4026 Scythis
665 3974 801 4029 oppressa.
826 3966 889 4028 post
906 3959 997 4009 omnia
1011 3958 1142 4028 oppidum
1160 3960 1261 4027 Atlsyra
1282 3959 1315 4009 ad
1334 3959 1380 4009 in·

294 4027 479 4082 teruecionesu
504 4037 546 4080 est
563 4029 693 4080 deletum.
720 4047 783 4081 nasu
808 4029 879 4080 cives
898 4029 1031 4098 principio
1059 4046 1119 4081 cum
1139 4031 1246 4097 Scythis
1264 4030 1378 4099 peccunia

295 4106 497 4168 transegerant,
525 4106 554 4149 et
585 4099 701 4151 aderant
725 4101 773 4170 qui
800 4115 896 4151 aureos
919 4117 1043 4151 nrrmmos
1073 4101 1252 4170 postularent
1279 4099 1379 4152 deinde

296 4170 429 4240 quosdam
446 4185 481 4224 ex
496 4169 656 4224 batianum
683 4169 812 4237 cohorte,
835 4171 883 4242 qui
902 4169 1051 4227 Rbasdesti
1076 4189 1136 4224 cum
1154 4174 1240 4226 brana
1258 4173 1379 4234 lucrant,
