3017 4892
94 42 281 102 Lausiocae
301 61 368 120 cap.
390 37 477 100 86ὶο
498 39 568 102 fine.
811 55 816 66 ·
846 3 856 40 ’

197 118 532 202 κοοζαοθλάνης.
560 123 630 186 vide
661 128 834 188 Meursinm
863 127 895 188 in
921 129 1027 193 eedem
1044 135 1194 220 dictione,

93 214 139 270 et
163 201 303 280 κουτζός.

198 289 373 368 κρασιόν
392 285 517 367 vinum,
538 288 632 351 hodie
652 291 758 372 spani.

199 366 341 452 κώδηξ.
365 370 468 432 codex.
491 371 623 434 Isidorus
643 375 809 438 Pelusiotae
831 377 852 456 4
872 377 988 460 epistol.
1004 398 1040 463 9¹
1056 401 1067 439 s
1085 374 1116 441 οἶ
1134 382 1196 444 soie

95 453 295 534 νομοθετῶν
315 449 454 525 undasse.
474 475 503 516 v.
524 456 656 517 Glossor.
676 457 714 518 ad
737 459 826 521 Cedr.

199 536 364 614 λαρδιό.
384 557 418 617 p.
442 539 501 599 dua
522 560 540 598 o
560 533 632 600 deso
653 541 748 620 spen:
772 543 865 603 codex
886 544 939 605 GB
958 541 1088 622 ruptae.
1110 545 1198 607 Glos-

95 644 161 684 sae
186 620 313 703 Cyrilh:
334 613 462 697 λα’ρδος,
486 620 609 683 luridus.
630 624 832 706 Theophanes
852 628 882 688 io
904 627 1090 689 Iustiniano:
1112 625 1197 690 οἴνου

98 699 259 849 μὲνδγὰἕ
280 703 335 764 καί
351 698 471 781 idpdov
492 705 549 765 καὶ
568 703 719 768 παντοίου
742 702 848 780 εἴδους
866 709 1003 772 sumum
1030 699 1079 791 ἦν.
1106 711 1200 773 hodie

99 782 149 848 λά
199 810 210 847 ι
255 788 348 848 icunt.

152 810 173 870 ρ
200 865 354 949 heyeou's
393 871 481 954 legio.
505 868 538 932 S.
573 871 754 935 Athanasius
786 875 818 936 in
848 874 1034 956 Metaphrasi
1060 872 1201 938 Psalmo·-

99 975 185 1017 rum
207 973 254 1014 ms
275 953 354 1014 Psal.
380 955 421 1038 76
441 974 520 1014 vers.
547 975 604 1038 ¹7²
625 953 804 1036 ιδ’πλῆθος
822 955 880 1018 τοῦ
911 957 1059 1036 teredone
1082 956 1118 1020 et
1142 956 1199 1032 τὰς
1280 1023 1284 1028 ,

99 1033 173 1116 τὴν
197 1026 337 1114 ἄβυσσον
358 1030 517 1098 ἀπελθών.
538 1039 705 1121 Procopius
725 1039 800 1119 urps*
818 1060 922 1117 κτισμ.
950 1039 1107 1103 tannem:
1149 1045 1201 1104 λε-

98 1113 216 1265 hffihh
230 1117 265 1237 δὲ
277 1113 1138 1284 λΞγείἐέοῇξάρένέἲτνῖμτῦὲζῖἑζισξξιῗοὲἓῖὶίεάὲξιοαῗέγίῗει.
1148 1123 1202 1268 ihs

99 1289 192 1357 πεῖς.
233 1281 314 1345 adde
345 1284 511 1344 Paeonium
544 1285 684 1367 Eutropii
718 1287 916 1370 Metaphrast.
946 1312 979 1372 p.
1000 1271 1099 1374 po'et
1134 1311 1203 1351 ros.

100 1369 277 1430 Constant.
302 1365 341 1427 de
356 1366 463 1427 Them.
485 1366 608 1429 Orient.
628 1370 674 1429 th.
689 1389 716 1429 r.
739 1370 872 1452 Oppiani
887 1372 989 1434 Schol.
1014 1394 1045 1453 p.
1059 1369 1112 1448 44.
1135 1375 1202 1433 Ru·

100 1452 175 1512 funs
203 1452 235 1509 in
256 1451 318 1508 LL.
339 1450 427 1510 milit.
451 1451 608 1532 Moschop.
630 1452 768 1512 Alexium
793 1454 983 1517 Rharturum
1014 1454 1116 1516 doctr.
1142 1454 1201 1516 ult.

101 1539 252 1598 Graecos
272 1529 312 1592 ad
334 1533 355 1592 Ι.
373 1551 403 1591 2.
428 1532 467 1593 de
486 1530 534 1592 his
555 1538 608 1618 qui
627 1546 689 1595 not.
711 1534 769 1593 inf.

196 1613 418 1696 λειξουρία
441 1613 568 1681 luxuria.
588 1615 659 1678 vide
679 1616 791 1678 Leonis
812 1616 936 1681 Taotiea
956 1640 1023 1704 cop.
1044 1640 1084 1681 no
1105 1625 1125 1696 §
1147 1619 1200 1699 85,

100 1711 137 1764 et
160 1699 210 1761 ibi
235 1697 413 1758 Meursium.

195 1780 364 1860 λεοίτης
386 1778 515 1855 Levita,
538 1778 694 1843 dianonus.
716 1781 813 1845 Gloss.
842 1783 1028 1868 ωολευίτης
1048 1781 1203 1860 διάκονος.

103 1868 184 1931 Cori
235 1886 268 1924 us
312 1866 349 1926 3:

187 1886 309 2006 pphs‘uh3
326 1947 509 2008 Leos’tarum
529 1948 712 2008 venerabilis
732 1949 808 2010 ordo
827 1963 1000 2015 canentum.

101 2029 187 2094 nihil
217 2027 403 2110 frequentius
424 2033 455 2090 in
477 2030 562 2091 libris
581 2041 716 2112 patrum.
745 2031 819 2092 hino
840 2032 1027 2094 Archilevitn
1055 2056 1116 2116 pro
1137 2036 1202 2098 dr·

101 2114 307 2178 chidiacono.
331 2110 486 2172 Goffridus
506 2117 591 2194 epist.
616 2136 649 2198 ¹7
674 2113 728 2175 lib.
743 2133 781 2175 2:
803 2117 961 2176 indiscrete
980 2119 1128 2198 gloriosus
1147 2139 1202 2178 oe-

100 2213 166 2259 ster
183 2195 381 2258 Archileoitu
400 2205 459 2257 eto.
483 2197 626 2257 nimirum
649 2193 732 2279 quod
753 2198 856 2260 Aaron
878 2207 909 2260 et
939 2199 992 2260 titii
1022 2201 1086 2262 eius
1108 2212 1202 2281 atquo

100 2282 239 2344 Levitae
260 2279 290 2339 iu
313 2277 428 2360 templo
450 2279 590 2353 fuerunt,
614 2281 675 2342 hoe
695 2279 828 2364 episcopi
846 2293 877 2343 et
897 2283 1069 2364 presbyteri
1089 2294 1120 2342 et
1134 2284 1201 2342 dia·

100 2365 176 2427 coni
200 2361 262 2425 sibi
283 2361 440 2423 vindicant
463 2362 496 2423 in
518 2363 642 2426 erotesis
660 2408 670 2442 ‚
695 2375 730 2423 ut
751 2366 794 2424 nit
815 2364 1021 2445 Hieronymus
1037 2365 1125 2444 epist.
1146 2363 1200 2426 85.

191 2443 333 2520 λίζιος
364 2444 564 2526 domesticus,
585 2447 699 2507 amicus
720 2466 750 2524 p.
778 2444 814 2507 18
836 2467 865 2506 o.
892 2448 1012 2508 Auctor
1030 2447 1081 2507 GB
1102 2444 1202 2521 λιζιὸς

100 2550 161 2594 του
185 2525 287 2606 bylon.
308 2528 378 2588 vide
402 2529 535 2589 Iudicem
558 2539 589 2588 et
610 2530 735 2589 Meursii
758 2527 898 2589 Glossnr.
1103 2546 1107 2552 ’

191 2607 397 2689 hoyensis.
421 2631 450 2692 p.
466 2612 503 2688 37
527 2611 547 2669 d
566 2609 642 2670 alius
663 2609 757 2670 codex
777 2603 988 2692 λογαριαστὴν
1006 2609 1109 2673 habet.
1126 2609 1199 2672 vide

104 2698 266 2757 Zonarnm
288 2691 326 2752 ad
347 2713 416 2752 ono.
443 2711 478 2752 ro
498 2690 623 2774 Conc.7
646 2694 778 2753 Oneum.
800 2714 853 2754 seu
875 2696 1009 2756 Niceuue
1030 2717 1047 2755 n
1068 2695 1198 2777 Synodi.

105 2778 271 2856 Moschop.
303 2771 377 2851 περὶ
405 2772 492 2854 ulad.
517 2795 549 2856 p.
572 2773 618 2860 47⁹
644 2776 769 2834 influe.
800 2776 850 2837 De
876 2776 996 2859 logista.
1023 2777 1128 2838 Cuiao.
1158 2777 1199 2837 ud

108 2862 129 2924 l.
153 2864 204 2924 30.
228 2859 264 2918 C.
286 2857 323 2917 de
346 2857 452 2919 deeur.
470 2857 489 2917 Ι.
512 2859 540 2919 3.
561 2859 597 2924 C.
621 2857 727 2920 dehis
749 2859 803 2941 qui
826 2880 870 2941 sp.
895 2881 980 2925 mnu.
1005 2881 1095 2924 suso„
1114 2872 1147 2921 et
1174 2858 1199 2920 Ι.

112 2946 164 3011 15.
186 2944 230 3004 D·
255 2940 293 3002 de
313 2961 408 3001 exous.
730 3007 734 3014 ,

195 3017 339 3102 λόγγος
366 3024 452 3086 locus
481 3033 637 3107 angustus.
658 3024 727 3086 vide
759 3024 932 3088 cedrenum
960 3047 993 3108 p.
1010 3025 1071 3108 4⁰7
1094 3047 1131 3102 a,
1164 3035 1196 3087 et

109 3107 241 3171 Meumii
264 3106 364 3167 Gloss.

111 3272 167 3335 dre
196 3190 424 3271 λογοθὲτης
477 3191 687 3254 cancellarius.
727 3192 800 3255 vide
834 3191 1026 3254 Glossarium
1061 3191 1103 3254 ad
1137 3193 1194 3254 Ce-

168 3291 256 3334 num.

195 3357 248 3414 tn
261 3354 374 3435 pe'xut
385 3375 451 3417 nou
472 3356 657 3430 loricatum,
681 3358 779 3418 instar
800 3355 923 3418 loricae.

196 3438 338 3516 hoipor.
362 3461 392 3538 p.
416 3439 457 3502 86
483 3461 500 3499 c
522 3433 610 3513 ἕξονε
630 3443 760 3510 πολλοῖς
787 3435 842 3500 διὰ
862 3437 995 3522 ioo'posv:
1022 3440 1116 3504 codex
1140 3440 1194 3500 GB

110 3511 296 3599 μαγκλοίβια
318 3521 393 3592 dovr
413 3516 525 3582 πολλά.
551 3523 678 3583 vidend
702 3524 794 3584 Cedr.

193 3599 511 3682 μαγγανίτζασα
554 3625 754 3687 mangonum,
791 3605 928 3666 machino
956 3606 1084 3680 heilica,
1114 3604 1195 3664 idem

113 3683 194 3768 quod
226 3683 393 3768 μάγγανον.
421 3707 490 3771 pag.
527 3689 583 3749 rof>
611 3690 728 3750 Assotor
748 3692 803 3752 GB
830 3683 1000 3769 στήσαντες
1019 3684 1196 3768 μαγγανικὰ
