3017 4892
271 342 299 403 X
659 340 769 404 lilEli.
802 339 958 404 womt

272 493 370 556 initiis
389 491 428 555 nd
450 502 544 555 metm
557 491 667 554 ordine
688 492 920 576 progrediendo,
932 493 1034 555 stetim
1047 491 1078 552 in
1092 501 1235 574 promptu
1247 491 1362 555 babent
1484 496 1485 509 ¹

272 614 352 678 quae
370 593 412 655 ad
433 613 500 654 rem
523 592 704 675 pertineant.
729 593 774 654 illi
795 593 913 667 multa,
933 592 968 654 hi
986 588 1131 675 pleraque
1157 591 1239 654 scite
1269 591 1362 676 digna

272 703 395 756 teuent:
417 690 463 756 illi
487 691 659 776 fragmento
673 691 823 775 quaedam
836 704 868 756 et
886 692 973 777 quasi
986 691 1114 753 disiecta
1129 691 1271 756 membra
1281 713 1361 756 oon.
1486 744 1487 755 2

273 791 454 872 sectemur,
477 791 510 854 hi
539 791 671 854 solidum
695 789 850 874 quoddam
878 803 910 854 et
935 791 996 854 suis
1022 792 1157 854 nummis
1189 791 1363 858 absolutum

271 893 423 955 humanae
443 893 628 975 cognitionis
649 913 763 974 corpus
781 891 1035 975 complectuntur.
1055 912 1133 975 quas
1161 890 1203 954 ob
1227 913 1276 954 res
1301 914 1360 980 ego
1488 948 1489 961 1

272 993 437 1076 perbestos
456 1013 508 1054 eos
530 1012 594 1056 essa
614 990 733 1070 iudico,
754 992 865 1074 quibus
883 1002 916 1054 et
936 1011 972 1052 ee
997 990 1139 1053 voluntas
1168 993 1300 1076 contigit
1327 1004 1364 1057 ut
1489 1068 1490 1073 η

273 1095 420 1176 cupiant,
438 1101 474 1153 et
494 1113 549 1154 eae
567 1092 733 1154 lecultntes
751 1101 923 1175 suppetunt
940 1100 978 1153 ut
997 1090 1136 1172 possint,
1156 1093 1237 1154 citra
1265 1095 1365 1177 impe-

272 1191 463 1270 dimentum,
483 1191 523 1253 eb
537 1193 662 1254 ineunte
682 1200 783 1253 aetste
803 1189 956 1274 usquead
978 1189 1011 1251 id
1030 1202 1149 1274 tempus
1163 1191 1248 1276 quod
1269 1193 1364 1257 rebus

273 1291 413 1376 gerendis
434 1301 543 1375 aptum
563 1301 624 1370 est,
649 1291 882 1376 philosophari,
905 1299 1022 1353 actum
1045 1289 1167 1354 demum
1188 1291 1298 1376 egendi
1317 1315 1368 1356 so-

274 1389 396 1454 lertiam
424 1411 497 1454 eum
516 1392 656 1455 veritatis
683 1391 939 1474 contemplatione
966 1390 1170 1475 coniungere,
1201 1393 1310 1455 euimis
1331 1395 1366 1455 iu

274 1489 376 1554 caelos
396 1501 427 1554 et
443 1491 544 1575 ipsum
563 1491 674 1574 deum,
697 1491 881 1576 corporibus
902 1489 1102 1553 inhumanae
1120 1490 1272 1554 societatis
1290 1513 1366 1554 eon·

274 1592 479 1654 servationem
501 1593 638 1654 intentis.
668 1589 745 1654 baec
764 1590 840 1654 milri
872 1593 937 1654 rite
968 1611 1042 1654 rere
1062 1591 1198 1654 humana
1213 1601 1244 1653 et
1262 1592 1366 1676 potius

275 1689 380 1752 diviua
397 1711 518 1775 semper
539 1692 605 1754 risa
628 1700 686 1770 est,
709 1702 740 1754 et
760 1691 903 1754 omnibus
914 1691 954 1754 iis
966 1691 1174 1775 voluptatibus
1195 1711 1366 1776 quaecum

274 1787 375 1852 brutis
398 1791 605 1853 animantibus
622 1791 686 1853 fere
705 1812 886 1854 communes
905 1801 978 1854 suut
1001 1791 1212 1875 praeferenda.
1245 1792 1279 1852 in
1304 1811 1368 1876 quo

277 1891 415 1952 assentiri
435 1891 514 1953 mihi
543 1899 574 1954 et
595 1910 631 1954 ex
654 1889 752 1954 doctis
782 1900 816 1954 et
842 1912 879 1952 er
909 1890 1041 1953 indoctis
1062 1890 1213 1973 optimum
1236 1897 1268 1952 ct
1290 1909 1368 1972 pru-

280 1989 494 2053 dentissimum
514 2011 690 2076 quemque,
711 1993 776 2052 imo
793 2010 843 2052 me
862 1991 964 2072 potius
985 2011 1058 2051 cum
1074 1988 1200 2051 illorum
1211 1987 1372 2051 sententiis

277 2111 454 2172 congruere,
477 2100 607 2151 constat.
635 2111 692 2154 nce
712 2090 816 2152 Tuum
840 2088 949 2150 bacin
970 2109 1031 2169 re,
1052 2097 1140 2150 utet
1167 2090 1201 2150 in
1218 2088 1370 2169 caeteris,

278 2187 472 2272 praeclarum
494 2187 659 2267 indicium,
680 2186 765 2271 quod
781 2197 815 2250 et
833 2199 899 2250 tota
911 2188 1104 2251 Fucesssra
1125 2186 1240 2250 familie
1255 2207 1370 2271 magno

279 2309 429 2352 consensu
451 2289 590 2369 sequitur
611 2297 642 2348 et
664 2286 785 2348 cordati
810 2307 916 2349 omues
934 2307 1053 2350 summe
1074 2288 1227 2372 probant,
1256 2287 1369 2350 obsco·

277 2407 350 2450 rum
371 2398 437 2466 ost3
457 2388 512 2470 qui
532 2369 610 2450 tilios
628 2387 711 2450 Tuos
730 2387 925 2471 ingeniorum
938 2399 1148 2473 etcorporum
1160 2388 1267 2471 vigore
1279 2409 1369 2472 prae·

278 2499 394 2552 stantes
414 2487 456 2550 ab
476 2488 548 2571 ipsis
567 2507 667 2571 prope
690 2488 848 2552 cunabulis
873 2509 971 2572 usque
991 2490 1032 2552 sd
1057 2491 1224 2553 iuventutis
1244 2489 1370 2552 initium

278 2609 297 2652 a
316 2588 500 2654 doctissimis
513 2587 777 2672 praeceptoribus,
799 2587 833 2650 in
851 2589 1062 2652 celeberrimis
1081 2589 1368 2674 quibusqueEuro·

279 2709 337 2772 pue
359 2687 547 2773 gymnasiis,
577 2707 683 2752 severa
708 2687 868 2772 disciplina
887 2687 1091 2752 moderandos
1120 2689 1370 2772 optimorumque

281 2793 395 2854 uuum
416 2800 449 2854 et
475 2787 650 2873 linguarum
676 2790 852 2872 cognitione
881 2790 1065 2854 imbuendos
1096 2793 1225 2854 curans.
1256 2791 1372 2876 quibus

282 2889 329 2952 illi
349 2891 389 2952 de
409 2892 508 2954 causis
527 2911 560 2953 se
581 2911 643 2952 nou
663 2891 765 2952 minus
776 2891 848 2952 Tibi
867 2889 997 2971 debere,
1019 2912 1083 2976 que
1102 2892 1218 2976 pietate
1237 2913 1276 2954 ac
1294 2913 1369 2975 pru·

282 2990 386 3054 dentis
405 3000 499 3070 suut,
521 2989 721 3073 profitentur,
745 3011 838 3074 quem
858 2992 945 3076 quod
964 2995 1061 3054 vitam
1080 3004 1113 3054 et
1131 2995 1260 3055 maxima
1272 3013 1370 3076 quae·

279 3113 341 3175 que
361 3101 542 3155 ornamenta
561 3089 643 3154 salici
664 3091 798 3175 quodam
818 3092 883 3154 fato
903 3092 959 3155 abs
975 3104 1007 3156 te
1020 3105 1223 3178 acceperunt3
1247 3092 1302 3176 qui
1316 3112 1372 3154 ve·

280 3213 333 3256 rus
354 3213 417 3255 nou
435 3201 560 3256 tentum
588 3212 758 3276 corporum
783 3192 838 3256 sed
864 3194 957 3256 etiam
985 3195 1158 3258 animorum
1182 3203 1271 3278 pater
1304 3213 1372 3256 esse

282 3293 428 3371 voluisti,
454 3314 511 3356 neu
531 3293 670 3376 genuisse
689 3303 855 3356 contentus
878 3293 1017 3378 utrisque
1041 3315 1079 3358 ee
1106 3293 1307 3378 suppeditosti
1337 3295 1373 3358 in

283 3393 397 3476 quibus
417 3391 552 3456 humane
572 3391 701 3458 felicitas
720 3395 871 3458 consistit.
898 3405 935 3457 ut
956 3406 1058 3458 eutem
1083 3403 1212 3458 terreae
1234 3415 1374 3478 corpora

281 3501 387 3555 terrae
404 3491 544 3573 frugibus
564 3492 692 3558 aluntur
702 3541 715 3570 ,
733 3497 779 3559 sic
798 3493 932 3558 caelestis
951 3506 983 3560 et
1001 3495 1126 3559 divinus
1147 3498 1268 3559 animus
1284 3517 1375 3559 suum

284 3603 405 3676 pastun
433 3592 528 3658 hebet
556 3595 770 3662 eruditionem.
802 3618 897 3682 quem
918 3618 939 3659 e
967 3595 1053 3684 vulgi
1081 3597 1170 3677 lece,
1197 3597 1259 3660 hoc
1285 3606 1333 3660 est
1353 3617 1374 3658 a

283 3694 415 3776 pessimo
430 3703 462 3756 et
480 3693 661 3760 stultissimo
681 3718 827 3782 quoque,
847 3697 1003 3760 conoemui
1021 3719 1060 3762 ac
1082 3698 1216 3762 derideri
1241 3717 1304 3759 nou
1328 3705 1374 3758 est

284 3792 476 3872 mirandum,
498 3815 569 3858 cum
589 3796 677 3882 quod
703 3799 743 3862 de
769 3820 805 3862 re
831 3800 936 3882 ignota
966 3798 1064 3862 nihilo
1095 3797 1213 3860 rectius
1237 3806 1375 3860 statuere

284 3905 414 3975 pomum
433 3915 526 3979 quem
543 3917 653 3962 merus
681 3896 721 3962 de
749 3899 906 3963 coloribus
933 3900 1154 3982 pronuntiare,
1184 3907 1254 3958 tum
1288 3893 1373 3976 qood

285 3993 368 4058 vitiis
389 4005 481 4078 atque
503 3998 626 4082 ineptiis
652 3998 893 4064 semidoctorum
915 3997 1110 4084 quorundam
1129 4008 1186 4059 sut
1210 4005 1374 4078 corruptos

285 4115 355 4156 rum
374 4093 537 4160 licerinum
558 4121 626 4162 rem
640 4101 912 4182 praeciosissimum
935 4099 1119 4162 metiuntur.
1141 4119 1214 4161 nem
1233 4093 1376 4180 quidest

288 4195 371 4258 uliud
392 4197 525 4262 eruditio
548 4201 606 4264 nisi
626 4200 846 4283 amplissimum
866 4198 1022 4284 quoddam
1048 4209 1080 4262 et
1106 4196 1376 4264 instructissimum
