3017 4892
295 233 390 286 lsaaoii
407 235 502 303 Angeli
524 233 665 286 commoda
682 235 771 288 initis.
792 233 905 304 expedi·
931 239 1051 292 lsaaoms

262 305 301 354 tio
320 315 412 356 contra
426 307 546 368 Siculos,
565 307 612 374 qui
632 304 810 374 profligantur
830 304 906 355 duci·
931 309 1051 360 Arsanus

262 374 312 425 bus
331 376 426 444 captis.
471 375 621 427 Andronici
648 375 715 439 lilii,
743 383 772 428 et
794 374 906 427 Alexius
995 393 1005 428 ι

262 445 415 498 Comaenus
434 445 502 498 belli
521 447 583 508 fax,
609 454 794 499 excaecantur.
829 445 907 498 Sicu-

263 517 306 567 lae
319 515 411 568 classis
429 517 604 568 calamitates.
615 516 732 568 lannoius
749 517 906 569 inconstans

157 728 225 780 1185
297 719 426 774 Sultanus
453 723 600 775 iconiensis
631 721 737 776 bellum
768 725 908 778 insuerat.
995 736 1012 770 2

264 790 422 844 Blaolaoram
455 792 582 846 defectio.
627 795 784 847 calamitosa
811 796 839 845 in
859 793 908 860 Cy-

264 879 341 929 prum
358 862 499 932 expeditio
521 863 633 916 lllaohos
651 866 746 917 lsaaeii
765 865 909 932 indulgen-

265 932 304 984 tia
330 933 477 986 confirmat
501 935 650 988 infeliciter
680 937 783 1004 geritur
805 936 909 987 bellum

266 1001 392 1056 adversus
409 1004 531 1057 Blaohos.
551 1007 611 1057 236.
629 1006 689 1075 ²37·
711 1015 762 1058 etc.

1129 245 1162 298 35

928 1091 1225 1108 *flatu—on—

165 1137 233 1190 1186
299 1142 398 1192 Branas
415 1140 505 1193 Alexii
523 1143 666 1213 imperinm
682 1143 811 1196 invadere
830 1157 910 1193 oona·
998 1132 1012 1182 3

266 1220 321 1275 tur,
344 1219 373 1264 et
391 1212 502 1264 tandem
522 1213 659 1283 inpugna
678 1215 847 1267 interficitur.
868 1229 911 1263 se-

267 1282 381 1335 ditionis¹
394 1281 510 1350 ignoscit
521 1285 647 1337 isaacius.
681 1285 827 1353 Byzantina
846 1283 911 1334 sol>-

268 1352 342 1403 urhia
378 1351 486 1420 direpta
522 1365 688 1421 cremantur;
727 1354 801 1407 unde
841 1355 912 1405 inter

268 1424 385 1474 Graecos
397 1430 427 1474 et
434 1422 545 1475 Latinos
555 1424 705 1479 conflictus.
717 1425 776 1492 240.
790 1424 849 1492 air.
860 1432 911 1475 etc.

302 1559 398 1612 lsaaeii
430 1561 460 1611 in
482 1558 598 1612 Blachos
632 1561 772 1630 expeditio
806 1562 911 1614 infelix.

269 1629 430 1681 Theodorus
446 1630 612 1700 Mangaplaas
629 1632 772 1701 imperium
789 1635 911 1698 allectat,

270 1699 319 1751 sed
345 1715 361 1750 a
378 1699 491 1752 Sultano
508 1701 632 1770 proditus
649 1703 679 1755 in
697 1717 831 1754 carcerem
848 1719 913 1754 con-

271 1771 367 1823 iicitur.
385 1771 445 1821 aia.
465 1770 525 1823 253.
544 1772 603 1840 254.
624 1781 675 1826 eto.

270 1979 415 2049 expeditio.
443 1980 526 2050 legati
547 1980 676 2036 vecordes
698 1979 868 2033 Fridericum
886 1991 914 2033 et

269 2053 401 2103 Isaaciusn
419 2053 599 2108 committunt,
625 2051 837 2104 ecclesiasticum
858 2059 914 2104 ata-

271 2131 327 2172 tum
347 2121 441 2174 turbat
457 2123 581 2174 lsaaoius.
618 2123 714 2186 Graeci
733 2123 861 2192 sugantur
879 2123 913 2172 ab

271 2191 433 2244 Alamannia.
451 2193 600 2244 Tarentum
619 2191 709 2245 clades
731 2191 765 2244 ed
784 2193 912 2244 leonium.

271 2261 402 2314 Friderioi
414 2262 571 2316 submersio.
592 2263 650 2315 lilio
669 2263 790 2314 eiusdem
806 2271 912 2316 mortuo

272 2332 412 2384 Alemanni
431 2334 539 2386 domum
561 2334 685 2386 redeuut-
703 2333 867 2386 Francorum
885 2342 913 2387 et

271 2404 416 2472 inglomm
437 2404 576 2476 expeditio
601 2405 632 2458 in
648 2405 834 2458 Palaestinam.
852 2405 911 2474 ²57·

271 2475 331 2528 258.
346 2481 397 2526 ete.

1136 1140 1166 1206 ³7

1092 2109 1137 2140 cos
1146 2092 1212 2158 perit

1093 2163 1118 2212 la
1130 2163 1212 2231 aquis.

166 2627 235 2692 1189
303 2613 513 2668 lsaaeiifamilia
531 2623 560 2668 et
576 2615 699 2667 diutumi
717 2611 826 2684 imperii
843 2613 911 2664 ima·
994 2617 1013 2668 6
1091 2625 1202 2674 flexam.

270 2687 380 2755 ginatio.
414 2685 655 2736 Pseudelexiorarn
682 2693 711 2736 et
726 2683 821 2736 Basilii
840 2682 911 2733 Cho-

270 2773 316 2808 aae
341 2753 491 2808 seditiones
519 2763 654 2806 cruentae.
679 2769 823 2822 praeeram
843 2768 911 2806 non-

270 2822 566 2905 nullorumbaupplicia.
584 2825 643 2877 268.
661 2825 722 2891 ²⁶9·
734 2831 785 2877 etc.

173 2980 239 3034 arpo
304 2959 409 3012 Bellum
432 2960 587 3012 Blachioum
613 2959 717 3012 Isaaoio
746 2961 911 3022 infaustum,
997 2985 1012 3038 7

272 3030 321 3100 qui
337 3039 429 3084 tamen
445 3031 540 3082 salsam
550 3031 633 3082 iactat
646 3031 786 3083 victoriam
806 3040 834 3084 et
852 3033 910 3082 ina-

274 3117 324 3224 ne}
338 3118 494 3170 magnarum
512 3118 600 3155 rerum
618 3101 834 3172 imaginationes.
850 3101 909 3172 274.

273 3190 305 3240 27
326 3208 333 3221 .
352 3180 403 3224 etc.

307 3307 466 3376 Scytharum
497 3316 526 3361 et
545 3307 704 3362 Blaehoram
725 3311 912 3380 grassationes.
997 3319 1015 3372 8

274 3381 360 3432 Servii
378 3379 558 3432 debellantur.
577 3382 706 3450 repressis
721 3380 826 3434 Blachie
843 3381 913 3433 Con-

274 3451 408 3502 stantinus
426 3450 542 3518 Angelus
564 3455 673 3503 affectat
689 3452 848 3522 imperium,
865 3451 912 3504 sed
955 3505 962 3519 ,

274 3520 405 3573 a'llataae
422 3519 525 3573 derisus
543 3527 571 3574 et
585 3521 711 3592 proditus
730 3540 745 3574 a
762 3523 850 3576 milite
868 3539 913 3576 ex-

276 3601 407 3646 caecatur.
428 3608 487 3660 ²77·
507 3594 566 3662 ηδ.
585 3609 645 3662 279„
667 3601 718 3646 etc.

176 3751 250 3810 „92-
310 3730 405 3783 lsaacii
415 3727 549 3784 vecordia.
566 3727 705 3782 Theodori
715 3730 913 3784 Castamonitae
996 3755 1016 3809 9

277 3804 397 3872 potentia
407 3810 434 3853 et
442 3801 575 3854 interitus.
582 3800 781 3870 rempublicam
790 3811 818 3856 et
825 3803 911 3854 aulam

278 3869 912 3945 variismodiscorrampitIsaaciuaasomssretc.
