3017 4892
793 366 966 430 tecnon

342 535 367 578 et
387 521 528 579 Eustratii
545 516 705 573 Macedonis
722 519 770 589 (6).
805 518 880 571 Bata
897 519 929 570 vi
947 519 1064 588 capitur.
1090 519 1259 572 Anabarsoo
1277 535 1414 590 espugna-

340 595 441 657 lio·,in
460 590 643 656 Coelesyriam
658 587 848 662 proficiscitur
864 589 1027 651 Comnenus,
1046 602 1149 642 etcum
1168 589 1344 642 Antioclsenis
1363 591 1412 642 init

340 665 499 718 amicitiam.
543 661 657 712 Pisaeos
688 658 727 710 ad
741 655 906 710 deditionem
925 660 1018 728 cogit,
1037 672 1064 711 et
1081 661 1192 712 variam
1210 661 1313 712 Martis
1329 660 1413 712 aleam

339 737 481 805 experitur
499 733 547 796 (7).
583 731 699 781 Sescrim
718 729 809 780 urbem
829 725 954 789 obsidet,
977 745 1049 798 quae
1064 730 1182 800 pecunia
1201 731 1411 781 incolumitatem

340 803 462 857 redemit.
497 803 641 852 Persarum
659 795 778 850 insidias
795 799 916 869 repulsat
934 795 983 865 (8).
1017 800 1143 852 isaacius
1161 799 1313 852 Comnenus
1323 799 1413 869 fratri

338 873 461 928 lolianni
486 871 692 923 reconciliatur.
710 885 800 921 novae
826 867 1010 938 expeditiones
1028 870 1059 920 in
1079 871 1184 922 Persas.
1204 869 1320 921 militum
1340 869 1413 922 indi-

340 946 439 1012 gnatio
461 955 486 993 et
515 941 688 1011 imperatoris
712 956 827 1008 magnus
850 939 966 990 animus.
996 937 1132 1010 expeditio
1152 953 1250 992 contra
1268 951 1412 1007 tyrannum

340 1012 592 1084 Ytupeanntinum,
615 1021 641 1062 tt
662 1010 810 1081 praeclara
821 1009 852 1060 in
868 1011 964 1060 Persas
981 1007 1047 1061 belli
1073 1023 1158 1081 gesta.
1205 1010 1344 1061 lilanuelis
1364 1010 1412 1062 Co·

339 1085 433 1136 miseni
444 1082 509 1155 filii
526 1082 663 1148 egregium
673 1079 791 1149 facinus
809 1077 847 1130 ad
856 1079 1073 1131 Neocaesaream
1087 1081 1137 1150 (9).
1172 1077 1308 1132 Iohannis
1324 1081 1412 1132 isaaci

335 1153 396 1226 fitis·
412 1171 428 1204 a
446 1163 525 1222 patre
543 1151 705 1220 imperatore
723 1148 761 1200 ad
778 1150 918 1201 sultanum
935 1148 1067 1218 desectio‚·
1085 1149 1157 1202 unde
1174 1167 1231 1201 non
1248 1152 1349 1217 exigua
1367 1151 1411 1202 in.

338 1221 483 1276 commoda.
528 1220 701 1272 Christianos
728 1218 860 1291 quosdam
884 1217 1037 1289 perduelles
1054 1222 1205 1291 imperator
1226 1216 1362 1281 debellat,
1385 1233 1411 1272 et

336 1291 540 1344 calamitatibus
571 1287 725 1342 domesticis
748 1291 883 1358 premitur
906 1288 970 1359 (to).
1013 1289 1199 1342 Antiochenae
1230 1288 1409 1358 expeditionis

335 1364 435 1414 aeolum
455 1361 606 1413 consilium.
622 1361 747 1412 violatae
769 1359 845 1412 urbis
860 1357 910 1410 dat
926 1375 1030 1428 potatu
1048 1360 1217 1420 Comnenus,
1237 1361 1268 1410 in
1285 1360 1410 1412 venatio·

334 1448 368 1484 ne
386 1443 522 1483 vertenato
537 1447 585 1482 suo
603 1432 657 1482 telo
675 1431 838 1481 vulneratus
863 1427 934 1482 unde
950 1429 1036 1498 plaga
1053 1428 1266 1482 immedicabilis.
1284 1427 1316 1479 de
1337 1431 1408 1480 eius·

332 1501 391 1553 dem
416 1501 492 1554 obitu
509 1502 626 1552 oracula
646 1503 670 1564 (t
681 1503 710 1565 t).
753 1499 887 1551 Iohannis
906 1499 1037 1551 Comneni
1051 1502 1181 1552 morituri
1196 1501 1289 1551 oratio
1308 1495 1347 1550 ad
1362 1516 1410 1550 co·

332 1585 431 1640 gelatos
451 1575 551 1622 anncos
568 1583 594 1621 et
611 1581 762 1634 magnates.
780 1569 936 1623 Manualem
960 1570 1068 1622 Isaacio
1087 1584 1156 1623 natu
1173 1571 1275 1620 maiori
1290 1569 1409 1639 praefert

332 1655 359 1692 et
385 1657 563 1692 successorem
589 1641 722 1692 nominat.
750 1639 785 1690 ab
804 1637 928 1690 omnibus
957 1639 1073 1692 Manuel
1098 1643 1249 1710 imperator
1264 1639 1408 1691 salutatur.

332 1709 467 1764 lobannis
492 1709 624 1762 Consneni
641 1709 729 1761 obitus
747 1721 773 1760 et
790 1709 882 1779 elogia
901 1707 966 1779 (so).

487 1941 492 1947 ι
563 1860 626 1923 oe
654 1861 895 1923 nitrosis
926 1860 1182 1924 comneno,

400 2007 456 2064 Lis.
485 2007 506 2058 1.
547 2009 663 2061 Manuel
686 2009 806 2062 iolnmni
830 2009 966 2061 Comntno
991 2010 1069 2080 patri
1096 2006 1241 2061 succedens
1271 2011 1407 2064 isaacium

319 2078 442 2152 fiatrem
465 2089 534 2130 natu
559 2081 687 2130 maiorem
710 2081 739 2130 in
764 2082 930 2132 monasterio
952 2079 1089 2141 includit,
1108 2092 1133 2130 et
1151 2078 1296 2131 seditionis
1312 2098 1406 2133 ansam

327 2146 489 2220 praecidens
514 2165 530 2197 a
549 2147 713 2214 Byzantinis
740 2149 774 2197 ob
792 2150 881 2200 animi
896 2161 923 2199 et
941 2154 1066 2218 corporis
1084 2147 1159 2200 dotes
1178 2152 1294 2200 eximias
1311 2148 1406 2221 cupide

327 2219 477 2287 suscipitur
495 2216 542 2282 (ι).
591 2220 614 2267 Α
632 2216 768 2268 Miclmele
790 2215 953 2287 patriarcba
979 2217 1133 2269 diademate
1152 2230 1284 2279 ornatus,
1304 2233 1406 2272 etcum

318 2287 414 2358 flatre
432 2284 643 2347 reconciliatus,
670 2286 701 2335 in
719 2287 817 2338 Persas
846 2299 936 2338 movet
953 2287 1034 2338 semel
1050 2299 1076 2336 ct
1097 2288 1201 2337 iterum.
1222 2304 1334 2339 uxorem
1355 2287 1406 2341 slu-

326 2358 369 2407 xit
386 2355 563 2406 Alemannam
590 2353 747 2426 quandam,
773 2359 885 2424 egregia
900 2356 998 2424 forma
1026 2369 1050 2406 et
1067 2355 1177 2407 lteroi'co
1198 2359 1292 2408 animo
1309 2360 1406 2410 nudie-

326 2441 403 2486 rem,
425 2441 506 2496 quam
525 2423 640 2494 negligit
658 2427 763 2476 incestu
808 2426 909 2476 ollutus
926 2425 973 2492 (α).
1008 2425 1157 2476 Iohannem
1175 2427 1405 2496 Hagiotbeodori-

327 2507 378 2546 tem
397 2495 506 2565 imperii
523 2494 721 2546 cancellarium
740 2505 766 2545 et
791 2494 925 2546 obannem
935 2497 1072 2547 Puzenum
1090 2498 1180 2563 (cuius
1190 2499 1327 2548 testacitas
1346 2517 1406 2551 sor·

327 2563 413 2623 dida,
434 2562 621 2616 inhumanitas
638 2567 700 2616 item
719 2578 745 2616 et
762 2565 889 2616 avaritia
907 2563 1083 2634 describitur)
1105 2583 1257 2636 supremum
1274 2581 1405 2639 quaesto·

327 2652 382 2686 tem
401 2635 551 2685 cotsstituit.
585 2633 842 2704 Hagiotbeodorites
859 2652 877 2687 a
897 2633 1038 2687 llteodoro
1054 2637 1180 2706 Stypiota
1201 2638 1262 2688 loco
1280 2639 1403 2708 pellitur.

326 2703 466 2756 Mannelis
483 2705 617 2766 virtutes,
639 2722 709 2786 quae
733 2704 819 2775 paulo
835 2717 896 2775 post
912 2707 1093 2757 immutantur
1109 2706 1158 2776 (3).
1195 2706 1318 2760 Conradi
1336 2709 1404 2760 Ger·

326 2791 469 2826 manorum
488 2775 663 2843 imperatoris
682 2773 820 2846 expeditio
837 2776 1098 2842 Hierosolymitana.
1134 2777 1347 2830 Alamannorum
1364 2779 1404 2829 le·

325 2846 399 2913 gatis
429 2845 542 2895 Mastuel
561 2843 675 2910 benigne
705 2843 868 2916 respondet,
886 2845 935 2896 sed
956 2848 1027 2896 clam
1047 2843 1217 2914 insz'diatur5
1237 2858 1264 2898 et
1282 2849 1404 2899 Graeco·

325 2932 386 2966 rum
405 2913 526 2980 legiones
541 2913 747 2966 Alamannieum
766 2916 932 2977 exercitum,
949 2915 1199 2985 Pliilippopolitani
1215 2919 1336 2989 episcopi
1352 2935 1404 2969 au-

325 2984 381 3034 lica
390 2981 532 3053 facundia
559 2982 790 3047 circumductum,
816 2986 945 3037 comitari
968 2985 1041 3037 iubet
1060 2987 1108 3054 (b).
1144 2987 1355 3038 Alamannorum
1376 3000 1403 3038 et

327 3055 492 3106 Graecorum
516 3052 642 3106 dissidia.
667 3058 803 3106 exercitus
830 3055 953 3107 Conradi
975 3053 1164 3114 incommoda,
1192 3073 1270 3126 quem
1302 3059 1405 3108 Graeci

316 3123 400 3194 ferro
407 3119 515 3194 fi'aude
531 3139 638 3174 vesteno
649 3164 661 3186 ,
677 3125 817 3176 Manuelis
840 3128 917 3177 iussu
933 3137 960 3176 et
976 3125 1114 3194 exemplo,
1133 3137 1335 3194 persequuntur
1353 3127 1403 3195 (5).

327 3195 432 3246 luccas
449 3191 539 3244 hostes
559 3192 758 3264 infensissimos
777 3197 955 3246 Germanicus
973 3197 1109 3245 exercitus
1127 3193 1236 3245 adoriri
1251 3197 1404 3246 constituit.

325 3261 449 3316 Conradi
468 3259 507 3314 ad
522 3265 621 3314 milites
637 3267 686 3334 pia
707 3275 733 3314 et
759 3266 834 3315 acris
853 3267 952 3318 oratio·
970 3277 1054 3317 atrox
1069 3280 1163 3334 psegna
1180 3275 1206 3315 et
1222 3263 1340 3317 illustris
1356 3269 1404 3319 vi·

324 3333 413 3383 ctoria
430 3331 463 3384 de
487 3333 586 3386 Turcis
605 3345 745 3404 reportata
768 3335 816 3401 (6).

393 3399 448 3451 Lm.
465 3403 499 3450 ll·
534 3404 667 3472 Rogarius
684 3421 733 3455 res
749 3404 863 3457 Siciliae
884 3402 1032 3470 Corcyram
1049 3413 1184 3472 occupat,
1212 3405 1404 3457 Acarnaniam

324 3469 458 3524 Aetoliam
478 3482 504 3521 et
520 3489 597 3523 oram
615 3476 782 3526 maritimam
804 3484 916 3534 vastat,
935 3474 1077 3524 Boeotiam
1097 3471 1256 3524 Corintbum
1281 3471 1402 3545 diripit,

322 3539 521 3594 Acrocorintbi
550 3558 612 3592 arce
640 3557 747 3615 recepta
766 3543 813 3614 (ι).
855 3543 996 3594 Manuelis
1014 3541 1150 3612 expeditio
1170 3556 1267 3595 contra
1285 3547 1402 3598 Siculos.

325 3613 462 3676 Corcyrae
485 3613 668 3691 oppugnatio,
695 3629 720 3665 ct
746 3610 960 3683 Contosteplsani
987 3615 1082 3682 magni
1108 3611 1186 3664 ducis
1209 3616 1339 3666 interitus
1354 3617 1404 3686 (a).

324 3681 434 3732 Cosmas
449 3679 611 3748 patriarcba
635 3683 667 3733 ob
688 3685 854 3735 vaticinium
878 3681 911 3732 de
931 3683 1146 3754 Contosteplsoni
1163 3685 1279 3736 interitu
1296 3683 1404 3753 pridem

322 3749 421 3803 editum
439 3748 575 3817 dignitate
602 3753 720 3804 exuitur.
758 3752 978 3823 Contostepbano
1006 3753 1126 3805 succedit
1141 3769 1256 3819 magnus
1274 3753 1405 3805 domesti-

322 3835 369 3872 cus
389 3817 437 3887 (3).
473 3817 603 3888 ligneam
621 3825 752 3875 turritam
777 3825 880 3875 scalam
899 3825 1014 3876 Mastuel
1031 3827 1062 3877 in
1081 3823 1262 3888 Corcyrenses
1280 3824 1403 3875 obsessos

321 3890 455 3950 exstruit,
485 3907 566 3959 quam
592 3893 713 3961 Pupaces
739 3907 765 3946 et
789 3894 841 3944 alii
865 3892 953 3944 CCCC
978 3890 1170 3944 conscendunt.
1188 3892 1288 3961 fracta
1309 3905 1403 3945 autem

319 3961 398 4010 scala
419 3959 544 4031 plerique
561 3975 694 4032 pereunt:
722 3964 843 4034 Pupnces
865 3976 953 4015 autem
971 3961 1137 4026 mirabiliter
1154 3961 1250 4015 evadit
1269 3961 1315 4029 (i).
1350 3965 1402 4016 Se·

318 4028 389 4080 ditio
406 4042 522 4082 cruenta
542 4031 616 4083 inter
634 4034 754 4084 Graecos
777 4033 958 4094 et“Venetos,
987 4049 1043 4102 qua
1060 4047 1143 4101 aegre
1162 4032 1256 4083 sedata
1273 4042 1300 4081 et
1318 4047 1402 4084 erer-

317 4099 417 4150 sitibus
436 4101 624 4152 reconciliatis
643 4121 659 4154 o
677 4116 819 4173 pugnatur
835 4100 925 4153 denuo
945 4101 1067 4167 Corcyra
1085 4111 1112 4152 et
1129 4101 1238 4154 tandem
1257 4099 1401 4155 deditione

314 4170 450 4238 recipitur
466 4170 515 4231 (5).
550 4123 689 4223 Manuells
711 4175 795 4224 irrita
815 4173 846 4223 in
862 4173 985 4224 Siciliam
1002 4168 1148 4242 expeditio.
1167 4171 1291 4225 Servium
1308 4189 1401 4242 papu-

314 4241 398 4294 latur.
434 4239 556 4294 Michael
571 4241 753 4316 Polaeologus
771 4259 827 4300 rem
845 4244 919 4316 gerit
927 4241 1057 4316 feliciter
1074 4240 1207 4297 adversus
1223 4243 1330 4295 Siculos
1348 4242 1401 4313 (6).
