3017 4892
556 315 795 380 riurano.
1172 324 1228 418 xr

4 521 5 524 =
104 483 205 550 diisec
227 483 289 546 vel
308 484 382 568 ipso
402 482 529 546 nmuim
551 483 702 563 latentur,
726 493 761 546 et
780 485 806 545 ri
828 484 963 548 ornam
984 505 1076 550 rocca
1095 491 1229 556 munta

111 586 179 666 rie,
205 603 311 669 saepe
337 583 542 646 obmutescat.
572 605 635 668 quo
657 585 761 646 minus
782 583 807 644 ii
826 582 947 647 serendi
966 597 1038 650 suut
1056 589 1113 672 qui
1130 594 1228 655 Grae·

113 707 194 750 cam
214 684 359 769 linguan
370 695 409 746 ut
428 702 686 767 mpervacaneam
709 695 925 768 aspernantur.
937 686 1021 769 quod
1038 691 1146 774 utique
1164 713 1229 754 uon

113 789 287 867 iacerent,
315 787 343 847 si
369 803 467 870 wem
489 785 580 867 pauci
611 783 716 848 lideler
736 794 770 846 et
789 783 875 848 docti
893 785 1077 871 interpretes
1098 791 1159 854 sint
1177 793 1228 859 iu·

115 886 312 970 tcliigermt.
339 884 409 947 aliis
435 883 522 948 deest
543 883 671 948 alterim
695 887 814 965 utrina,
836 884 903 948 aliis
921 888 1086 972 utriusque
1105 890 1230 976 linguae

120 988 287 1072 capitio,
319 985 389 1048 aliia
419 983 494 1048 fides
528 994 562 1047 et
588 984 766 1070 diligentia,
796 985 955 1050 nonnullis
973 989 1116 1054 universa
1135 991 1228 1074 baec,

122 1109 197 1151 non
218 1097 286 1149 tam
305 1087 438 1148 formare
458 1083 575 1148 malitia
602 1097 634 1149 et
654 1095 833 1170 contemptu
853 1087 1045 1152 iudiciorum
1065 1090 1157 1175 (quac
1176 1115 1230 1156 en-

124 1200 232 1250 tnema
252 1195 333 1249 essct
353 1186 504 1270 amentia)
525 1205 618 1270 quem
637 1187 809 1248 calamitate
823 1187 957 1272 wedam
977 1197 1154 1273 temporum
1172 1213 1230 1256 uo·

128 1299 273 1352 murum
290 1299 324 1350 et
343 1289 564 1371 praestantium
585 1286 780 1370 ingeniorum
796 1287 958 1370 neglectu,
979 1289 1094 1373 quibem
1107 1291 1231 1357 fortuna

128 1389 306 1474 plerunque
333 1388 436 1451 miuus
462 1389 547 1452 lavet
566 1409 658 1470 qnam
679 1389 717 1450 iis
742 1407 875 1471 quornm
894 1389 995 1452 minor
1013 1402 1060 1454 est
1078 1392 1231 1458 industria

127 1501 173 1564 et,
182 1488 324 1552 obtusior
343 1491 425 1550 acies
444 1488 625 1552 animorum.
649 1489 754 1569 itaque
775 1486 905 1572 pedibus
920 1491 954 1556 iu
974 1511 1080 1554 eorum
1099 1513 1137 1555 so
1156 1515 1228 1556 sca.

19 1664 20 1677 χ
127 1592 266 1652 tentiam
299 1587 356 1672 qui
383 1590 503 1651 Graeca
532 1607 611 1649 oum·
625 1587 744 1650 Latinis
763 1588 975 1670 coniungenda
993 1611 1061 1654 esse
1081 1602 1227 1674 censent,

123 1689 283 1773 siqnidem
295 1691 415 1751 Graece
431 1688 558 1750 seorsim
574 1709 686 1771 parum
709 1687 876 1751 vendibilia
895 1701 966 1753 aunt
989 1699 1090 1756 aetate
1110 1705 1224 1771 neura,

122 1811 208 1874 quae
236 1799 365 1873 propter
400 1788 600 1851 ambitionem
631 1788 792 1850 arandam
823 1799 855 1851 et
873 1787 1009 1852 bellandi
1029 1792 1227 1874 cupiditatem

125 1891 166 1952 ad
190 1891 356 1974 pristinam
389 1887 564 1950 barbariem
594 1907 705 1972 magno
731 1889 850 1971 impetu
870 1893 946 1950 ruit.
970 1909 1044 1952 nam
1064 1891 1168 1953 Latini
1195 1905 1228 1955 at

125 1991 242 2052 Graeci
270 1989 420 2052 sermonis
452 1991 641 2072 proprietate
673 1999 704 2050 et
730 1988 865 2070 puritate
885 1991 995 2052 amba
1015 1999 1227 2074 contemtoque

126 2089 327 2174 philosophia
345 2101 377 2152 et
395 2089 531 2172 politiori
561 2087 736 2150 litteratura
765 2086 923 2168 neglecta„
944 2097 979 2147 ut
1000 2107 1105 2152 eoram
1125 2092 1227 2154 cerni-

125 2211 219 2269 mus,
254 2209 319 2252 uon
358 2189 525 2252 obscurum
554 2199 599 2252 eat
623 2186 700 2269 quid
734 2185 924 2268 impendeat.
945 2187 1101 2270 praeclare
1120 2193 1227 2255 scribit

124 2289 301 2368 immutes,
333 2311 427 2373 qnam
452 2291 484 2351 in
511 2287 571 2350 bac
592 2298 682 2371 parte
702 2285 907 2366 Aristoteles,
928 2299 965 2350 ut
985 2289 1060 2352 mibi
1080 2291 1222 2370 videtur,

124 2393 246 2474 qnippe
268 2400 343 2451 natu
365 2388 572 2474 grandiorem,
594 2385 765 2450 aemulatus
781 2397 845 2467 est,
866 2399 898 2450 et
916 2408 974 2472 ego
993 2389 1140 2454 admirari
1159 2413 1222 2458 uun

123 2493 201 2553 satis
223 2511 373 2574 possum,
396 2489 527 2551 virtutes
546 2487 680 2571 singulas
709 2490 740 2549 in
765 2488 869 2551 medio
888 2488 1035 2552 binorum
1057 2491 1223 2575 vitium,

120 2611 265 2674 quorum
287 2588 419 2652 alterum
441 2591 517 2654 eitra
536 2589 673 2669 resistat,
693 2590 824 2651 alterum
846 2585 970 2672 longius
986 2612 1080 2675 quam
1103 2597 1224 2676 parsit

120 2689 367 2776 progredietur,
398 2710 465 2752 ease
481 2686 654 2750 collocatas.
676 2699 706 2751 et
726 2700 811 2752 reete
830 2689 911 2772 apud
929 2689 1078 2754 Ovidium
1096 2693 1221 2756 Darda.

121 2790 174 2852 lus
193 2791 241 2853 ait
255 2790 331 2871 lilio,
350 2789 473 2869 „medio
485 2791 653 2852 tutissimus
670 2789 756 2852 ibis!
778 2789 864 2874 quod
876 2790 997 2852 utinm
1011 2802 1076 2854 tam
1095 2815 1114 2856 a
1134 2794 1223 2856 theo·

122 2891 204 2974 logis
224 2889 446 2952 iuriwonsultis
458 2889 628 2952 etmcrlicis
648 2910 740 2973 quam
754 2889 795 2951 ab
814 2890 1027 2954 humaniorum
1048 2891 1220 2956 litterarum

121 2989 307 3054 cultoribus
336 2989 572 3070 observaretur3
605 3010 736 3074 quorum
758 2988 847 3051 alteri
875 3012 907 3052 se
930 2992 1023 3056 rebus
1037 2992 1220 3075 inhaerere,

122 3089 218 3154 alteri
249 3090 390 3153 diationis
415 3087 582 3173 elegantiae
608 3109 642 3152 ee
661 3087 785 3151 studere
805 3092 1014 3172 profitenturr
1035 3093 1124 3177 quasi
1145 3115 1221 3157 vero

123 3201 180 3252 ant
201 3189 353 3254 uocabula
372 3200 495 3274 propter
518 3188 748 3272 explicationem
769 3209 872 3251 rerum
895 3213 957 3254 non
988 3195 1052 3254 sint
1072 3195 1217 3269 iuventa,

123 3301 181 3354 aut
211 3311 327 3373 corpus
357 3289 534 3374 egregium,
567 3287 628 3351 hoo
647 3299 693 3352 eat
713 3310 763 3381 res
782 3289 974 3373 praeclaras,
995 3289 1166 3354 cuiusmodi
1186 3296 1219 3355 in

125 3391 311 3453 sublimibus
337 3388 398 3454 illis
420 3388 586 3473 disciplinis
615 3399 807 3465 tractantur,
837 3411 902 3451 nou
924 3389 1040 3453 munda
1061 3402 1092 3454 et
1110 3405 1220 3457 ornata
1300 3403 1306 3414 '
1340 3472 1345 3483 .

125 3491 240 3570 restis,
256 3489 316 3553 hoc
337 3501 383 3552 eat
404 3511 485 3573 pura
506 3501 538 3554 et
559 3489 663 3552 limata
683 3487 791 3552 deceat
810 3493 920 3552 oratio.
942 3489 1094 3575 duplicem
1115 3493 1220 3578 prole-

127 3600 183 3652 cto
214 3589 334 3652 laudem
364 3602 546 3669 merentur,
577 3591 631 3674 qui
650 3610 699 3652 res
724 3592 870 3674 optimas,
900 3593 926 3654 si
953 3613 1016 3656 non
1038 3591 1169 3680 eleganti
1189 3603 1222 3656 et

124 3689 302 3772 splendido,
332 3700 368 3753 at
390 3711 468 3774 puro
488 3701 519 3752 et
546 3688 659 3753 diserto
678 3709 819 3751 sermone
839 3705 1027 3776 proponunt.
1049 3693 1220 3758 cuiusmodi

124 3789 211 3853 viros
231 3802 335 3854 nostra
358 3801 442 3854 aetas
459 3788 560 3873 plures
575 3785 646 3852 cuni
667 3789 774 3874 insigni
795 3789 890 3873 gioria
912 3795 984 3857 tulit
1004 3815 1099 3879 wem
1119 3805 1220 3878 poste·

124 3889 197 3952 ritas
218 3889 362 3953 habitura
386 3889 535 3966 videtur,
559 3891 617 3952 uisi
639 3889 731 3952 aliam
749 3894 899 3955 rationem
919 3893 1095 3958 studiorum
1115 3895 1220 3959 inieri-

123 4008 204 4052 mns.
235 3989 292 4054 aed
323 3991 397 4074 quid
429 4011 490 4075 ego
524 4009 683 4052 censuram
708 3993 739 4052 in
773 4013 810 4055 re
831 3993 955 4076 publica
975 3994 1123 4058 litteraria
1141 3993 1219 4057 mihi

121 4107 230 4170 mmo,
255 4112 331 4152 cum
362 4089 419 4174 ipsi
448 4087 526 4152 mibi
557 4089 835 4155 diversissimorum
869 4095 1059 4178 ingeniorum
1087 4116 1220 4159 ceuaure

120 4189 161 4252 sit
180 4189 366 4256 subeunda?
400 4192 502 4258 movit
521 4211 571 4255 me
591 4201 693 4256 umen
714 4194 811 4258 iustus
831 4194 961 4260 fortasse
980 4194 1070 4260 dolor
1089 4196 1122 4260 in
1140 4196 1221 4260 bene
