3017 4892
565 298 670 361 uuus
701 296 844 360 cumr.
1159 298 1243 382 779

166 450 243 534 πρὸς
271 453 451 535 ἀκρίβειαν,
473 452 636 533 μαχαίρας
667 450 696 512 δ’
712 446 875 529 ἐπιμήκεις
894 446 979 529 παρύ
1003 448 1140 534 πλευρόν
1167 448 1275 515 ulai-B
1359 491 1366 503 ·

165 574 233 631 yser
246 553 303 613 τού
321 550 416 611 ἵππου
431 550 628 630 ἐξηρτημένοι
645 546 701 611 καὶ
714 543 925 630 παραξιφιδια
946 555 1015 620 ταῖς
1036 545 1148 624 ζώναις
1168 548 1248 613 ἐνιέ-

164 672 244 727 μενα
265 648 428 732 φέροντες,
451 644 554 725 οἱμὲν
573 650 637 709 τῶν
656 644 781 709 σκύλων
800 642 969 727 ὲμφορτσι,
989 644 1017 705 ei
1039 648 1074 709 δὲ
1095 646 1168 721 ’τούς
1186 673 1247 710 πα-

165 742 291 830 ριόντας
312 744 532 829 αἰχμαλώτους
554 743 779 825 ἐξιχνιύζοντες
800 744 831 807 εἰ
849 740 998 825 λαμπρὰν
1018 744 1136 826 ἐσθῆτα
1157 749 1245 829 περί-

137 846 283 909 5κεινται
306 846 489 929 διερρυγὸτι
521 846 799 927 περιστελλομένην
817 844 928 923 χιτῶνι
949 836 972 923 ἢ
992 846 1069 923 γοῦν
1092 840 1245 926 α’ργύριον

164 946 220 1008 καί
238 946 371 1029 χρυσίον
391 948 435 1032 τῷ
454 942 558 1030 κόλπῳ
578 942 797 1024 ἐνθύπτουσιν,
817 940 846 1006 οἱ
870 944 906 1005 δὲ
926 944 982 1005 καί
1002 945 1157 1024 γυναικῶν
1176 952 1246 1017 ταῖς

164 1040 271 1107 κάλλει
306 1039 535 1128 διαφερούσαις
567 1037 720 1125 πεπηγόσι
747 1044 908 1122 βλέμμασι
928 1042 1010 1123 μηδὲ
1031 1036 1150 1128 ῥᾳδίας
1168 1036 1246 1102 διπο-

164 1143 339 1221 σπωμένοις
359 1141 583 1215 ἐνατενιζοντες
605 1138 649 1215 ὥς
676 1136 870 1222 ἁρπάσαντες
891 1140 1002 1203 αὐτίκα
1021 1136 1076 1202 καί
1092 1133 1245 1223 βιασόμες

163 1262 220 1307 νοι.
261 1238 335 1321 περὶ
352 1247 420 1313 ταῖς
438 1239 563 1321 γυναιξὶ
580 1240 685 1305 τοίνυν
703 1235 795 1321 ἡμεῖς
814 1240 973 1313 δείσαντες
991 1236 1047 1313 τύς
1065 1239 1126 1318 μὲν
1146 1235 1189 1311 αἱς
1209 1239 1245 1302 s’r

120 1340 248 1426 roupxpl
266 1342 309 1423 τῷ
326 1339 412 1425 μέσῳ
440 1334 530 1420 ἡμῶν
550 1333 779 1421 ἀπειλήφαμεν
786 1386 796 1418 ,
811 1344 879 1412 ταῖς
899 1340 935 1401 δὲ
954 1336 1092 1403 νεάνισιν
1111 1336 1243 1419 ἐπεσκη-

163 1455 271 1519 ψομεν
292 1439 505 1521 ε’ντρδμασθαι
522 1435 658 1523 rapinis&
680 1433 832 1517 πρόσωπα
854 1429 1028 1520 ἀντίρροποι
1052 1438 1114 1500 τῶν
1135 1432 1243 1517 πρώην

162 1535 353 1618 κσμμιύσεων
380 1534 435 1599 καὶ
460 1535 515 1599 τὸν
544 1534 664 1619 πυρσὸν
685 1528 769 1600 oiim
789 1537 982 1618 κατασβέσαι
1002 1536 1066 1600 τῶν
1083 1537 1241 1616 παρειῶν,

162 1638 214 1700 ἳνα
232 1634 276 1719 μὴ
309 1634 353 1711 αἱς
377 1637 410 1699 ἑν
439 1632 529 1699 νυκτὶ
560 1633 843 1720 φροκταρούμενον
873 1636 936 1718 πῦρ
957 1638 1149 1719 προκαλῆται
1169 1632 1273 1708 serice

162 1730 295 1811 δδευτιὶς
315 1736 423 1817 πρῶτα
443 1737 502 1813 μὲν
521 1731 658 1816 θεατάς,
679 1732 787 1799 ἔπειτα
801 1738 831 1799 δ’
851 1733 994 1818 ε’ραστύς,
1017 1737 1052 1799 ἐκ
1073 1736 1109 1798 δὲ
1126 1729 1240 1797 τούτου

117 1836 216 1899 :Sunt
234 1831 386 1915 βιαστύς,
417 1830 591 1896 ἀνεύθυνον
619 1827 757 1914 δρῶντας
777 1831 812 1899 τύ
835 1831 916 1899 ἴδιον
941 1838 1081 1917 θέλημα,
1101 1828 1170 1913 ἅμα
1187 1835 1244 1895 καί

160 1936 272 2013 χεῖρας
294 1928 431 2005 ἱκέτιδας
450 1924 591 2014 αἴροντες
618 1934 662 2004 εἰς
682 1930 760 1996 θεὸν
782 1937 837 1997 καί
854 1931 932 2013 μετὰ
952 1933 1088 2014 συνοχῆς
1111 1929 1243 2015 καρδίας

162 2026 198 2091 τύ
226 2032 340 2110 στῆθος
369 2024 535 2104 τύπτοντες
564 2032 619 2093 καὶ
646 2025 794 2113 δακρύοις
810 2030 848 2095 τὰ
873 2024 1002 2111 ὄμματα
1019 2034 1191 2112 τέγγοντες,
1213 2026 1245 2093 εἴ

161 2150 228 2203 πως
251 2124 384 2199 ἅπαντες
403 2130 458 2191 καί
477 2133 575 2192 πᾶσαι
594 2127 667 2203 τούς
684 2122 834 2213 ιδμηστάς
854 2130 989 2204 &serinac
1008 2131 1112 2211 θῆρας
1134 2130 1242 2211 σχοίη-

161 2250 220 2307 μεν
240 2226 452 2310 α’διαλιόβητοι
474 2232 653 2313 παρελθεῖν.
703 2224 770 2293 ἔδει
792 2231 828 2293 δὲ
849 2227 902 2293 διὰ
924 2232 978 2314 τῆς
999 2225 1242 2313 Χρυσεδαςπύ.

114 2334 216 2411 ουλης
244 2326 329 2410 ἡμᾶς
362 2328 509 2403 ἐξελθεῖν.
563 2326 605 2404 (ὃς
638 2330 673 2393 δὲ
704 2329 780 2413 περὶ
796 2326 852 2393 τδν
873 2325 951 2394 νευύν
969 2322 1085 2413 ἥκομεν
1105 2329 1241 2393 Maxim

160 2430 218 2491 τού
238 2424 499 2511 καλλιμύρτυρος,
517 2424 670 2513 ύβριστὴς
688 2432 743 2491 καί
760 2424 888 2503 ἀνόσιος
900 2427 1061 2513 βάρβαρος
1083 2427 1127 2502 ὥς
1140 2425 1242 2509 δμνύ-

161 2528 202 2591 δα
222 2520 315 2602 λύκος
342 2527 504 2607 ἐνεμέσων
524 2525 614 2609 ἡμῶν
644 2527 827 2613 α’φαρπύζει
848 2522 943 2614 κόρην
962 2524 1175 2609 εύπλύκαμον,
1197 2552 1242 2592 τι·

233 2726 255 2763 r.
274 2708 428 2783 μαχαίραςῙ
448 2714 559 2764 euentu
577 2708 608 2763 dl
624 2708 799 2783 ζωννύμενοι
822 2713 871 2764 και
893 2710 1120 2784 παραμδχαιρα,
1138 2710 1168 2763 ei
1186 2709 1241 2780 plu

229 2784 411 2853 φορτνιμένοι
437 2774 471 2833 τὰ
494 2788 671 2851 κουρσιμιιῖα
695 2782 723 2833 Β.
830 2800 868 2834 ιι.
894 2782 1066 2855 δνιιρροπα]
1095 2782 1160 2833 ἀντὶ
1183 2786 1242 2835 τῶν

229 2852 432 2923 ἐφτιασμδτων
455 2857 504 2903 καὶ
524 2856 665 2905 κοκκίνων
697 2844 737 2905 eis
761 2852 878 2907 ἐτίθουν
901 2853 1062 2923 πρότερον,
1089 2852 1138 2904 ἵνα
1156 2868 1242 2902 κατα-

230 2926 352 2989 assueri
369 2920 422 2989 τὴν
437 2926 494 2977 τοῖν
512 2922 668 2993 μαγούὶων
693 2920 921 2987 sanxeramus.
988 2936 1031 2973 aa.
1048 2918 1239 2993 εὐπλόκαμον]

230 2992 471 3065 ιιπλλιπρδοιυπον
489 2994 660 3062 καλδιριχον
678 2993 705 3043 Β.

161 3144 289 3206 armatis,
309 3144 357 3196 sed
376 3143 530 3213 praelongis
549 3143 658 3195 ensibus
677 3140 713 3194 cd
723 3142 810 3194 latera
828 3159 957 3212 equorum
976 3145 1175 3213 suspensis,.ct
1191 3161 1243 3213 pu-

161 3216 254 3284 giones
280 3214 394 3285 cingulis
421 3216 536 3265 insertos
563 3212 745 3282 gestantibus3
771 3230 886 3283 qnorum
916 3215 964 3265 alii
990 3215 1126 3267 manubiis
1150 3217 1243 3265 euirati

161 3294 255 3348 erant,
274 3286 321 3337 alii
341 3293 545 3355 praetereuntes
565 3286 684 3354 captivos
711 3284 902 3349 excutiebant,
918 3302 952 3336 an
971 3286 1022 3337 sub
1041 3286 1130 3335 lacera
1148 3286 1243 3337 tunica

160 3354 332 3423 splendidam
351 3365 452 3409 vestem
478 3354 598 3406 celarent
615 3362 663 3406 aut
686 3362 824 3422 argentum
845 3372 973 3406 aurumve
993 3357 1022 3407 in
1039 3358 1101 3407 sinu
1122 3357 1243 3407 occulta-

161 3434 230 3479 rent.
248 3426 295 3475 alil
322 3426 448 3479 mulieres
472 3426 557 3476 lernae
577 3432 745 3494 praestantes
773 3426 811 3477 ita
830 3425 924 3477 deliris
944 3428 1031 3477 oculis
1049 3426 1241 3491 intuebanturt

160 3496 239 3564 qnasi
259 3512 321 3547 mex
342 3513 386 3549 eas
410 3495 445 3547 ad
469 3504 591 3564 stuprum
610 3497 712 3565 rapturi
741 3504 838 3549 esseut
857 3514 907 3547 uos
927 3496 1012 3565 igitur
1031 3497 1177 3560 uurlieres,
1196 3514 1241 3549 ea-

160 3582 219 3620 tum
237 3566 387 3634 pudicitiae
417 3574 590 3630 metuentes,
618 3568 647 3619 ln
665 3566 783 3617 medium
802 3584 897 3635 agmen
915 3574 1044 3637 tanquam
1064 3568 1094 3619 ln
1110 3569 1183 3620 ovile
1199 3586 1242 3619 re-

160 3636 295 3705 cepimus,
316 3638 532 3689 adolescentulas
551 3654 616 3689 uero
639 3654 724 3689 coeno
741 3639 839 3690 faciem
856 3638 965 3689 illinere
983 3649 1015 3690 nt
1033 3639 1137 3708 pridem
1156 3641 1242 3704 lucis,

160 3716 243 3777 atque
260 3709 299 3759 ita
319 3709 445 3760 ruborem
462 3724 589 3777 genarum
611 3709 768 3777 extinguere
785 3710 930 3773 iussimus,
944 3726 980 3763 ne
997 3710 1100 3761 formae
1116 3720 1243 3763 veneratas

158 3778 311 3848 principio,
329 3788 361 3831 nt
386 3781 503 3833 uiatores
530 3788 611 3831 noctu
632 3780 718 3831 elatus
745 3780 831 3849 ignis,
853 3789 1034 3849 spectatores,
1054 3780 1154 3833 deinde
1170 3800 1244 3833 ania-

158 3856 246 3912 tores‚
276 3859 413 3920 postremo
441 3857 563 3919 raptores
582 3850 719 3913 alliceret,
746 3868 805 3903 cnm
827 3851 880 3901 sibi
900 3852 983 3903 licere
999 3852 1124 3904 viderent
1143 3855 1241 3903 emnia.
1327 3868 1330 3873 ·

158 3920 269 3973 interim
289 3922 425 3991 supplices
455 3922 507 3991 ipsi
526 3938 619 3973 manus
638 3921 673 3974 ad
693 3920 776 3973 deum
794 3921 993 3986 tendebamus,
1024 3924 1130 3975 alllictis
1147 3924 1243 3974 animis

157 4000 269 4059 pectora
296 3992 452 4062 plangentes
478 4000 506 4046 et
523 3994 615 4045 ocules
635 3994 751 4063 rigantes
782 3993 915 4057 lacrimis,
935 3995 956 4045 si
976 4011 1030 4061 quo
1049 3994 1131 4045 modo
1149 4010 1243 4045 omnes

158 4062 288 4115 immanes
308 4064 372 4115 istas
393 4066 460 4117 feras
479 4065 546 4117 salvi
566 4072 595 4116 et
614 4064 745 4117 inviolata
781 4063 895 4116 edicitia
912 4063 1094 4117 evaderemus.
1112 4081 1174 4114 cum
1193 4082 1243 4114 an·

160 4140 215 4185 teus
235 4134 315 4187 nobis
335 4150 383 4205 per
404 4150 513 4186 auream
531 4142 636 4203 portum
658 4152 745 4187 exeun
768 4152 812 4188 nm
829 4145 918 4201 esset,
938 4146 969 4188 ut
987 4136 1021 4187 ad
1039 4136 1127 4187 incliti
1143 4143 1244 4201 marty·

158 4204 195 4259 ria
230 4205 313 4259 lllocii
341 4204 437 4261 aedem
465 4207 605 4269 uenimus,
635 4206 755 4261 insolens
783 4215 812 4261 et
838 4207 958 4263 nefarius
984 4204 1095 4278 qnidam
1111 4204 1242 4259 barbarus

657 4373 668 4420 l

667 4435 716 4708 l
