3017 4892
318 371 404 462 338
639 389 1082 463 υιοιιισσιιουιιτισ

316 545 462 634 ἓσσερύου
489 545 605 630 λη’ξειος
639 541 694 608 καί
729 537 904 629 ύνύρρυσιν
940 538 1152 623 αἰχμαλώτων
1177 537 1235 604 κατ’
1261 540 1399 628 χορηγύν

288 647 471 712 Βαλείσταν
490 639 572 709 ὅσων
591 637 706 730 ἑτέραν
723 637 934 707 συνοισόντιον
953 639 1054 727 κοινῇ.
1093 635 1150 703 καὶ
1165 634 1201 703 τύ
1213 639 1399 724 βραχυσύλ·

315 747 411 828 λαβον
433 745 523 812 τοῦτο
543 741 763 828 γραμμάτιον,
783 737 868 805 καδοὶ
889 762 937 816 τις
957 735 1154 824 εύρυχανδῆς
1174 736 1400 826 ζαμὴρυσιςῆ

315 841 531 918 Ποσειδώνιος
558 839 684 926 τρίαινα
712 831 830 924 ἢγούν
855 835 892 902 τύ
924 838 1044 923 εύφυὲς
1064 837 1119 920 τῆς
1132 830 1257 924 Ἔριδος
1276 838 1396 924 μῆλον,

313 943 368 1028 τήν
378 963 412 1008 τε
429 943 562 1008 σύνοδον
575 936 739 1024 διεκύκησε
753 937 872 1022 καὶτῆς
882 933 1055 1021 συγκλήτου
1070 938 1168 1022 μέρος
1187 932 1303 1003 διιύσον
1321 938 1398 1023 περὶ
1405 941 1426 1006 5

312 1039 346 1107 τὸ
380 1043 497 1126 κρίνειν
529 1041 707 1124 διέστησεν,
743 1032 767 1122 ἢ
791 1037 1004 1122 α’ληδέστερον
1027 1036 1127 1101 εἰπεῖν
1155 1039 1226 1101 κατ’
1252 1031 1398 1120 duitor

312 1139 473 1227 δφύιιλισε
491 1141 547 1204 κατ’
568 1141 614 1216 εἰς
633 1141 746 1222 μοι’ρας
766 1134 911 1211 ἐναντίας
929 1134 1088 1221 ἀπέκρινε.
1126 1132 1271 1222 χρήμασι
1283 1132 1346 1221 γὰρ
1367 1131 1399 1200 οἱ
1450 1155 1453 1163 ·

312 1244 453 1303 πλεῖστοι
472 1235 595 1303 τούτων
625 1239 887 1319 καθυιιαχθέντες
905 1230 962 1299 καῖ
978 1234 1080 1315 τιμιδν
1098 1233 1275 1317 α’ναβοὶσεσι
1291 1240 1398 1316 μαλα·
1461 1296 1466 1303 .

310 1339 443 1422 χθέντες
463 1331 664 1418 ἐιιευδύκουν,
690 1329 732 1412 aig
753 1333 812 1398 ούκ
833 1326 968 1420 ὄφελον,
991 1321 1044 1397 οἷα
1064 1329 1110 1418 μὴ
1130 1335 1334 1422 κεκωλυμένη)
1353 1334 1398 1420 aqi

310 1435 413 1524 γάμιρ.
456 1434 486 1501 oi
508 1437 545 1500 δὲ
564 1431 759 1520 θρασύτεροι
776 1435 839 1499 seir
859 1435 1016 1498 δικαστῶν
1035 1435 1092 1498 καί
1100 1439 1306 1520 ψηφοφαγεῖν
1325 1432 1398 1496 εἰσο-
1410 1457 1448 1500 so

311 1534 403 1610 θύτες
423 1537 478 1600 καί
497 1533 576 1600 κατὰ
598 1529 674 1611 τούς
694 1540 878 1619 περιφανεῖς
907 1529 1130 1618 οἷγσρτεύοντες
1153 1529 1274 1615 οἴκους,
1294 1535 1350 1596 κατ’
1366 1533 1398 1599 οἱ

282 1631 504 1720 cantilenosi
527 1635 589 1699 τοῖν
617 1635 652 1699 ἐκ
671 1635 728 1722 τῆς
752 1628 890 1697 συνόδου
923 1629 980 1696 καί
997 1631 1206 1716 θεοκύσηλοι,
1224 1633 1305 1715 μηδὲ
1319 1656 1399 1716 συγ·

209 1753 239 1807 v.
255 1753 303 1811 133
310 1736 433 1817 γένειαν
459 1733 670 1817 ἐπισύρεσθαι
689 1729 872 1796 διετείνοντο
891 1730 931 1796 τύ
953 1728 1221 1817 συναφθησύμτνα
1241 1729 1398 1816 τιρύσιοιια

311 1832 365 1898 διὰ
387 1833 422 1897 τύ
447 1833 480 1908 ἐξ
516 1832 675 1912 α’δεμίτων
699 1825 844 1896 ἓνούσεοον
865 1828 1033 1917 ἀμφύτερα
1052 1831 1239 1913 γεγενῆσθαι
1257 1831 1399 1908 καὶτοῖς

308 1930 417 2013 νόμοις
436 1929 477 1997 τοὶ
497 1928 603 1996 τοιάδε
632 1927 779 2016 κυήματα
809 1931 1072 2014 οῖνειιικοινούνητα
1087 1929 1267 2012 συγγενείας
1287 1931 1343 1994 καί
1361 1932 1397 1994 ἐκ
1409 1926 1447 1990 15

309 2031 483 2114 διαμέτρου
506 2029 677 2116 α’φεστούτα
696 2028 902 2112 λογίζεσθαι·
945 2029 1000 2094 καί
1021 2027 1148 2110 α’μαθὲς
1169 2028 1206 2092 δὲ
1225 2023 1331 2112 ἔλεγον
1350 2019 1397 2094 εἲ.

308 2153 362 2194 ναι
382 2128 438 2194 καὶ
454 2125 489 2194 τύ
513 2128 639 2194 οἴεσθαι
659 2123 742 2203 ύλοος
762 2128 829 2192 δεῖν
849 2127 905 2191 δυ’
925 2128 1070 2203 ἐξέτασιν
1088 2129 1215 2192 τιιίττειν
1233 2129 1397 2211 ἐκδηλοτέ-

309 2251 370 2313 ραν
398 2227 488 2313 ἧλίου
513 2226 680 2296 ὑπόθεσιν,
733 2224 765 2290 οἱ
795 2229 826 2289 δ’
847 2225 918 2292 ούδ’
936 2218 1046 2311 ἄκροις
1065 2217 1128 2291 aiei
1146 2222 1398 2311 παραδεχόμενοι

308 2324 348 2390 τὰ
369 2323 588 2412 φθεγγόμενα,
622 2325 678 2390 καί
709 2323 754 2400 οῖς
780 2320 984 2408 οῖγχωμύλοις
1005 2317 1113 2398 ὅπλοις
1133 2331 1197 2399 τοῖς
1216 2321 1324 2406 νόμοις
1338 2322 1398 2402 τύς

307 2421 488 2510 προσβολὰς
509 2424 613 2488 αύτούν
636 2421 879 2508 α’σρακτούντες,
899 2425 981 2508 μηδὲ
1001 2425 1238 2508 συγχωροῦντες
1257 2426 1295 2512 τῇ
1313 2422 1447 2507 sapei-ao

308 2525 355 2599 ξει
377 2521 420 2597 aig
442 2520 694 2605 οἷδεμιτογαμῖας
721 2523 821 2610 μεστῇ
848 2522 1035 2587 ύντέιιαιτον
1054 2520 1273 2607 γενναιότερον.
1313 2513 1398 2608 ἦσαν

309 2623 338 2686 δ’
371 2619 401 2685 οῖ
425 2617 483 2704 τὴν
510 2623 678 2707 καλλίστην
710 2619 829 2707 ταύτην
856 2621 1075 2708 εἰσηγούμενοι
1099 2618 1246 2708 γνιύμην,
1267 2621 1321 2688 καὶ
1342 2622 1399 2708 τῆς

309 2716 411 2803 πύλης
439 2719 495 2803 τῆς
528 2719 699 2804 κρείττονος
706 2769 717 2803 ,
748 2724 883 2806 βραχεῖς
919 2721 954 2784 ὲκ
974 2722 1038 2784 τιύν
1061 2717 1238 2807 ἆρχιερύοον
1258 2721 1315 2786 κατ’
1333 2723 1398 2787 τῶν

279 2819 474 2906 ῠῖντρόφαν
493 2822 552 2885 τοῦ
570 2816 713 2903 βήματος
725 2823 784 2886 καῖ
799 2843 881 2896 τινες
900 2813 1087 2886 εύσύνοπτοι
1103 2823 1168 2886 τῶν
1187 2822 1244 2907 τῆς
1261 2818 1399 2905 ουγκλὴ·

380 2955 407 3008 3.
427 2953 531 3008 τούτου
549 2955 580 3007 Α.
649 2957 675 3009 5.
695 2958 743 3008 καῖ
761 2952 792 3008 ad
814 2956 863 3019 τῆς
880 2957 912 3007 rl.
980 2967 1020 3010 ιο.
1038 2953 1192 3028 δικασιιῖν]
1211 2955 1353 3026 κληρικιῖν
1366 2953 1397 3008 B.

383 3041 423 3078 ιι.
442 3025 540 3082 οἴκους
561 3021 610 3084 οὓς
628 3029 677 3078 καῖ
691 3023 919 3082 ἐπισκοπιανούτ
936 3024 1112 3095 ὀνομάζουσι
1120 3027 1147 3077 Β.
1205 3041 1244 3077 aa.
1261 3029 1293 3080 ἐκ
1309 3042 1354 3078 om
1365 3028 1397 3078 Α.

384 3098 424 3150 16.
441 3094 473 3148 δὲ
492 3111 536 3148 om
552 3097 592 3150 A..
640 3099 679 3150 18.
698 3097 728 3150 ολ
746 3095 783 3169 δ]
804 3095 898 3164 ἕτεροι
915 3094 946 3149 δὲ
961 3095 1026 3167 μηδ’
1044 3097 1074 3148 Α.
1133 3115 1141 3150 ι
1186 3093 1398 3170 τού-νόμοις

379 3180 424 3216 om
445 3167 480 3252 A,
547 3181 590 3218 ao.
611 3161 834 3238 ιύιτρακτοῠνιες]
855 3164 1137 3244 δαοκρουόμινοιμη
1157 3169 1272 3238 λσυγγ.
1288 3171 1398 3240 προβῇ.

380 3253 431 3292 ναι
447 3251 500 3291 τον
517 3236 616 3308 γύμον
633 3236 671 3294 οἷς
687 3238 917 3309 α’θεμιτογαμῖας
936 3250 1093 3306 μειεχοντα
1113 3238 1144 3288 Δ.

313 3355 377 3391 nom
396 3339 533 3392 ebulliens
550 3347 599 3392 aut
618 3341 773 3411 Neptunius
790 3341 912 3402 tridens,
929 3349 978 3392 aut
1004 3341 1144 3408 ingeniose
1163 3340 1308 3392 confictum
1326 3341 1399 3394 illud

314 3412 497 3462 contentionis
518 3427 645 3480 pomum,
666 3411 811 3462 concilium
828 3411 1001 3482 permiscuit3
1023 3420 1052 3463 et
1066 3412 1139 3463 inter
1155 3411 1307 3464 sonitorios
1324 3411 1399 3464 iudi-

314 3496 358 3530 css
380 3495 472 3532 omnes
494 3481 637 3533 dissidium
658 3483 765 3545 effecit,
787 3491 836 3533 aut
853 3489 884 3534 ut
903 3482 993 3534 verius
1010 3481 1112 3546 dicam,
1134 3481 1203 3534 alios
1220 3482 1251 3533 in
1268 3482 1338 3535 alios
1355 3499 1400 3534 ar-

314 3549 398 3600 mavit
417 3559 445 3601 et
462 3550 491 3602 in
509 3553 658 3604 contrarias
676 3553 751 3604 velut
770 3553 841 3604 acies
858 3552 992 3604 distraxit.
1011 3569 1072 3604 nam
1092 3568 1185 3604 eorum
1203 3553 1320 3604 maxima
1337 3569 1400 3624 pars

315 3627 442 3686 corrupta
459 3621 670 3690 largitionibus,
689 3630 717 3676 et
735 3623 941 3693 amplificandas
958 3623 1099 3692 dignitatis
1116 3624 1352 3693 promissionibus,
1370 3623 1401 3676 id

317 3689 471 3756 coniugium
491 3701 521 3746 at
538 3693 644 3747 licitum
665 3693 760 3766 (quod
785 3695 889 3746 utinam
909 3695 1010 3747 factarm
1033 3711 1090 3746 non
1119 3695 1209 3766 esset)
1232 3693 1402 3764 approbavit

317 3759 422 3811 iudices
439 3777 503 3813 vero
522 3763 699 3828 audaciores,
723 3765 771 3834 qui
789 3781 932 3834 procerum
956 3763 1037 3817 aedes
1063 3765 1239 3834 frequentare
1257 3781 1288 3815 ac
1304 3769 1403 3816 salira-
1498 3798 1499 3813 r

319 3831 361 3897 gia
380 3833 510 3885 conviviis
529 3850 621 3886 eostam
644 3833 798 3886 condonare
819 3837 924 3900 solent,
943 3843 972 3888 et
989 3833 1112 3888 homines
1131 3836 1205 3888 avari
1221 3842 1251 3887 et
1267 3851 1308 3886 res
1330 3833 1403 3887 divi-

318 3917 366 3952 nas
383 3904 530 3973 cauponari
549 3905 638 3966 soliti,
660 3921 705 3956 eas
724 3921 853 3976 ρεστιτυιτ
872 3907 944 3958 inter
964 3923 994 3958 sa
1013 3915 1140 3974 cognatas
1162 3921 1221 3958 εσσε
1248 3903 1404 3974 negabant,

318 3981 463 4040 propterea
482 3973 557 4043 quod
575 3991 608 4026 ax
626 3975 731 4028 illicitis
749 3979 852 4045 nuptiis
871 3983 1028 4047 procreatas
1047 3977 1119 4028 nihil
1138 3993 1199 4028 enm
1222 3977 1282 4027 iure
1302 3991 1403 4044 cogna-

318 4043 402 4094 tionis
421 4059 562 4095 commune
579 4043 711 4097 habereut
736 4065 767 4098 ao
785 4047 967 4099 alienissimae
982 4055 1153 4118 putarentur.
1172 4053 1339 4100 estuantem
1357 4049 1405 4100 in·

319 4113 431 4176 scitiao,
448 4129 556 4166 oausam
575 4116 632 4167 sole
651 4117 827 4169 illustriorem
839 4122 868 4169 in
886 4120 1074 4188 quaestionem
1092 4119 1192 4170 vocari.
1209 4116 1258 4167 alii
1276 4133 1340 4169 aero
1358 4135 1404 4168 ar·

319 4184 454 4248 gementis
467 4183 526 4236 istis
544 4185 626 4254 plane
638 4186 787 4258 repudiatis
801 4189 908 4242 sortiter
922 4187 1144 4251 adversabantur,
1161 4196 1190 4241 st
1201 4188 1312 4259 nuptias
1325 4187 1404 4250 istas,

320 4267 391 4322 quas
412 4253 532 4307 incestae
552 4265 656 4320 essent,
687 4258 833 4326 procedere
855 4275 1028 4332 nequaquam
1046 4258 1231 4332 patiebantur.
1253 4259 1314 4311 eius
1337 4259 1403 4332 pul·
