<?xml version="1.0" encoding="UTF-8"?>
<!DOCTYPE html PUBLIC "-//W3C//DTD XHTML 1.0 Transitional//EN"
    "http://www.w3.org/TR/xhtml1/DTD/xhtml1-transitional.dtd">
<html xmlns="http://www.w3.org/1999/xhtml" xml:lang="en" lang="en">
 <head>
  <title>
</title>
<meta http-equiv="Content-Type" content="text/html;charset=utf-8" />
  <meta name='ocr-system' content='tesseract 3.04.00' />
  <meta name='ocr-capabilities' content='ocr_page ocr_carea ocr_par ocr_line ocrx_word'/>
</head>
<body>
  <div class='ocr_page' id='page_1' title='image "./corpusscriptoru03unkngoog/corpusscriptoru03unkngoog_0115.png"; bbox 0 0 3017 4892; ppageno 0'>
   <div class='ocr_carea' id='block_1_1' title="bbox 369 339 1239 431">
    <p class='ocr_par' dir='ltr' id='par_1_1' title="bbox 369 339 1239 431">
     <span class='ocr_line' id='line_1_1' title="bbox 369 339 1239 431; baseline 0 -7"><span class='ocrx_word' id='word_1_1' title='bbox 369 361 423 426; x_wconf 83' lang='lat' dir='ltr'><strong><em>oa</em></strong></span> <span class='ocrx_word' id='word_1_2' title='bbox 452 359 642 428; x_wconf 69' lang='lat' dir='ltr'>uiuente</span> <span class='ocrx_word' id='word_1_3' title='bbox 669 359 870 426; x_wconf 80' lang='lat' dir='ltr'>conumo</span> <span class='ocrx_word' id='word_1_4' title='bbox 899 363 972 431; x_wconf 81' lang='grc' dir='ltr'><strong><em>ιιι.</em></strong></span> <span class='ocrx_word' id='word_1_5' title='bbox 995 366 1020 427; x_wconf 91' lang='grc' dir='ltr'><strong><em>ι.</em></strong></span> <span class='ocrx_word' id='word_1_6' title='bbox 1183 339 1239 424; x_wconf 82' lang='grc'><strong><em>83</em></strong></span> 
     </span>
    </p>
   </div>
   <div class='ocr_carea' id='block_1_2' title="bbox 101 509 1275 2584">
    <p class='ocr_par' dir='ltr' id='par_1_2' title="bbox 101 509 1275 2584">
     <span class='ocr_line' id='line_1_2' title="bbox 149 509 1241 606; baseline 0.002 -29"><span class='ocrx_word' id='word_1_7' title='bbox 149 539 198 606; x_wconf 72' lang='grc' dir='ltr'><strong><em>χρ</em></strong></span> <span class='ocrx_word' id='word_1_8' title='bbox 231 509 482 601; x_wconf 80' lang='grc' dir='ltr'><strong><em>μητροπαρθόνφ</em></strong></span> <span class='ocrx_word' id='word_1_9' title='bbox 517 511 562 588; x_wconf 80' lang='grc' dir='ltr'><strong><em>τός</em></strong></span> <span class='ocrx_word' id='word_1_10' title='bbox 582 513 654 596; x_wconf 77' lang='grc' dir='ltr'><strong><em>όνῆν</em></strong></span> <span class='ocrx_word' id='word_1_11' title='bbox 675 509 912 594; x_wconf 87' lang='grc' dir='ltr'><strong><em>δοσμαχοότοιτο</em></strong></span> <span class='ocrx_word' id='word_1_12' title='bbox 931 516 1062 593; x_wconf 79' lang='grc' dir='ltr'><strong><em>θέμενος</em></strong></span> <span class='ocrx_word' id='word_1_13' title='bbox 1080 511 1119 578; x_wconf 89' lang='grc' dir='ltr'><strong><em>τό</em></strong></span> <span class='ocrx_word' id='word_1_14' title='bbox 1142 539 1241 598; x_wconf 87' lang='grc' dir='ltr'><strong><em>στρα-</em></strong></span> 
     </span>
     <span class='ocr_line' id='line_1_3' title="bbox 149 609 1242 698; baseline -0.003 -17"><span class='ocrx_word' id='word_1_15' title='bbox 149 612 307 698; x_wconf 84' lang='grc' dir='ltr'><strong><em>τεόμιιτσ,</em></strong></span> <span class='ocrx_word' id='word_1_16' title='bbox 329 612 368 678; x_wconf 86' lang='grc' dir='ltr'><strong><em>τό</em></strong></span> <span class='ocrx_word' id='word_1_17' title='bbox 390 615 450 694; x_wconf 85' lang='grc' dir='ltr'><strong><em>μέν</em></strong></span> <span class='ocrx_word' id='word_1_18' title='bbox 464 615 510 688; x_wconf 86' lang='grc' dir='ltr'><strong><em>είς</em></strong></span> <span class='ocrx_word' id='word_1_19' title='bbox 523 609 626 696; x_wconf 83' lang='grc' dir='ltr'><strong><em>ἔρυμα</em></strong></span> <span class='ocrx_word' id='word_1_20' title='bbox 647 615 776 693; x_wconf 80' lang='grc' dir='ltr'><strong><em>συνέχει</em></strong></span> <span class='ocrx_word' id='word_1_21' title='bbox 795 617 852 696; x_wconf 74' lang='grc' dir='ltr'><strong><em>τῆς</em></strong></span> <span class='ocrx_word' id='word_1_22' title='bbox 871 614 1082 690; x_wconf 84' lang='grc' dir='ltr'><strong><em>καλλιπόλεοος</em></strong></span> <span class='ocrx_word' id='word_1_23' title='bbox 1101 618 1157 679; x_wconf 77' lang='grc' dir='ltr'><strong><em>καί</em></strong></span> <span class='ocrx_word' id='word_1_24' title='bbox 1174 625 1242 692; x_wconf 68' lang='grc' dir='ltr'><strong><em>τοῖς</em></strong></span> 
     </span>
     <span class='ocr_line' id='line_1_4' title="bbox 150 707 1242 800; baseline -0.004 -20"><span class='ocrx_word' id='word_1_25' title='bbox 150 719 286 796; x_wconf 75' lang='grc' dir='ltr'><strong><em>τείχεσιν</em></strong></span> <span class='ocrx_word' id='word_1_26' title='bbox 312 714 448 798; x_wconf 77' lang='grc' dir='ltr'><strong><em>ἐφιστᾷ,</em></strong></span> <span class='ocrx_word' id='word_1_27' title='bbox 482 719 547 786; x_wconf 83' lang='grc' dir='ltr'><strong><em>τοῖς</em></strong></span> <span class='ocrx_word' id='word_1_28' title='bbox 568 713 598 774; x_wconf 87' lang='grc' dir='ltr'><strong><em>δ’</em></strong></span> <span class='ocrx_word' id='word_1_29' title='bbox 619 707 804 795; x_wconf 76' lang='grc' dir='ltr'><strong><em>ἐπισκήπτει</em></strong></span> <span class='ocrx_word' id='word_1_30' title='bbox 822 714 863 798; x_wconf 78' lang='grc' dir='ltr'><strong><em>τῇ</em></strong></span> <span class='ocrx_word' id='word_1_31' title='bbox 882 715 1018 800; x_wconf 75' lang='grc' dir='ltr'><strong><em>στρατιᾷ</em></strong></span> <span class='ocrx_word' id='word_1_32' title='bbox 1041 715 1242 796; x_wconf 72' lang='grc' dir='ltr'><strong><em>παρέπεσθαι</em></strong></span> 
     </span>
     <span class='ocr_line' id='line_1_5' title="bbox 150 803 1242 896; baseline 0.001 -20"><span class='ocrx_word' id='word_1_33' title='bbox 150 815 216 878; x_wconf 80' lang='grc' dir='ltr'><strong><em>τεόν</em></strong></span> <span class='ocrx_word' id='word_1_34' title='bbox 227 813 425 892; x_wconf 71' lang='grc' dir='ltr'><strong><em>Ἆλαμαναῖν,</em></strong></span> <span class='ocrx_word' id='word_1_35' title='bbox 438 809 484 893; x_wconf 74' lang='grc' dir='ltr'><strong><em>μη</em></strong></span> <span class='ocrx_word' id='word_1_36' title='bbox 505 803 734 896; x_wconf 83' lang='grc' dir='ltr'><strong><em>όφισταμένοις</em></strong></span> <span class='ocrx_word' id='word_1_37' title='bbox 748 811 803 875; x_wconf 82' lang='grc' dir='ltr'><strong><em>ε’πί</em></strong></span> <span class='ocrx_word' id='word_1_38' title='bbox 821 807 913 892; x_wconf 89' lang='grc' dir='ltr'><strong><em>πολό,</em></strong></span> <span class='ocrx_word' id='word_1_39' title='bbox 933 805 993 876; x_wconf 67' lang='lat' dir='ltr'>ude</span> <span class='ocrx_word' id='word_1_40' title='bbox 1012 813 1105 876; x_wconf 83' lang='grc' dir='ltr'><strong><em>τοῦδε</em></strong></span> <span class='ocrx_word' id='word_1_41' title='bbox 1126 811 1242 896; x_wconf 86' lang='grc' dir='ltr'><strong><em>εἴργειν</em></strong></span> 
     </span>
     <span class='ocr_line' id='line_1_6' title="bbox 125 905 1242 994; baseline 0.002 -20"><span class='ocrx_word' id='word_1_42' title='bbox 125 909 226 987; x_wconf 68' lang='lat' dir='ltr'>§eucig</span> <span class='ocrx_word' id='word_1_43' title='bbox 245 911 279 975; x_wconf 82' lang='grc' dir='ltr'><strong><em>έιι</em></strong></span> <span class='ocrx_word' id='word_1_44' title='bbox 306 912 368 974; x_wconf 82' lang='grc' dir='ltr'><strong><em>τῶν</em></strong></span> <span class='ocrx_word' id='word_1_45' title='bbox 396 913 584 990; x_wconf 70' lang='grc' dir='ltr'><strong><em>Ἀλοιμανοῖν</em></strong></span> <span class='ocrx_word' id='word_1_46' title='bbox 610 911 644 985; x_wconf 76' lang='grc' dir='ltr'><strong><em>ἐς</em></strong></span> <span class='ocrx_word' id='word_1_47' title='bbox 662 905 809 993; x_wconf 81' lang='grc' dir='ltr'><strong><em>όριταγός</em></strong></span> <span class='ocrx_word' id='word_1_48' title='bbox 835 909 1041 994; x_wconf 76' lang='grc' dir='ltr'><strong><em>παρεξιόντας</em></strong></span> <span class='ocrx_word' id='word_1_49' title='bbox 1057 914 1112 975; x_wconf 85' lang='grc' dir='ltr'><strong><em>καί</em></strong></span> <span class='ocrx_word' id='word_1_50' title='bbox 1129 934 1242 994; x_wconf 86' lang='grc' dir='ltr'><strong><em>προνο·</em></strong></span> 
     </span>
     <span class='ocr_line' id='line_1_7' title="bbox 151 1004 1243 1094; baseline 0 -20"><span class='ocrx_word' id='word_1_51' title='bbox 151 1014 236 1094; x_wconf 81' lang='grc' dir='ltr'><strong><em>μιὲς,</em></strong></span> <span class='ocrx_word' id='word_1_52' title='bbox 258 1012 422 1094; x_wconf 71' lang='grc' dir='ltr'><strong><em>εἰρηνικῶς</em></strong></span> <span class='ocrx_word' id='word_1_53' title='bbox 444 1013 549 1090; x_wconf 86' lang='grc' dir='ltr'><strong><em>μέντοι</em></strong></span> <span class='ocrx_word' id='word_1_54' title='bbox 572 1012 629 1073; x_wconf 80' lang='grc' dir='ltr'><strong><em>καί</em></strong></span> <span class='ocrx_word' id='word_1_55' title='bbox 653 1008 698 1091; x_wconf 70' lang='grc' dir='ltr'><strong><em>μὴ</em></strong></span> <span class='ocrx_word' id='word_1_56' title='bbox 720 1010 905 1090; x_wconf 65' lang='grc' dir='ltr'><strong><em>πολεμικοῖς.</em></strong></span> <span class='ocrx_word' id='word_1_57' title='bbox 929 1008 1010 1074; x_wconf 78' lang='grc' dir='ltr'><strong><em>κατὰ</em></strong></span> <span class='ocrx_word' id='word_1_58' title='bbox 1031 1011 1090 1090; x_wconf 81' lang='grc' dir='ltr'><strong><em>μέν</em></strong></span> <span class='ocrx_word' id='word_1_59' title='bbox 1108 1004 1166 1076; x_wconf 78' lang='lat' dir='ltr'><strong><em>cir</em></strong></span> <span class='ocrx_word' id='word_1_60' title='bbox 1184 1009 1243 1092; x_wconf 73' lang='grc' dir='ltr'><strong><em>τὴν</em></strong></span> 
     </span>
     <span class='ocr_line' id='line_1_8' title="bbox 152 1106 1244 1196; baseline 0 -22"><span class='ocrx_word' id='word_1_61' title='bbox 152 1111 307 1196; x_wconf 78' lang='grc' dir='ltr'><strong><em>αἰιοοτέρσι</em></strong></span> <span class='ocrx_word' id='word_1_62' title='bbox 340 1109 471 1192; x_wconf 77' lang='grc' dir='ltr'><strong><em>πορείαν</em></strong></span> <span class='ocrx_word' id='word_1_63' title='bbox 500 1111 592 1173; x_wconf 85' lang='grc' dir='ltr'><strong><em>ου’δέν</em></strong></span> <span class='ocrx_word' id='word_1_64' title='bbox 619 1133 651 1173; x_wconf 91' lang='grc' dir='ltr'><strong><em>τι</em></strong></span> <span class='ocrx_word' id='word_1_65' title='bbox 682 1112 857 1192; x_wconf 78' lang='grc' dir='ltr'><strong><em>ξυνηνέχθη</em></strong></span> <span class='ocrx_word' id='word_1_66' title='bbox 888 1106 1103 1195; x_wconf 69' lang='grc' dir='ltr'><strong><em>ἀξιαφήγητον</em></strong></span> <span class='ocrx_word' id='word_1_67' title='bbox 1122 1107 1244 1195; x_wconf 77' lang='grc' dir='ltr'><strong><em>οἷμφοίν</em></strong></span> 
     </span>
     <span class='ocr_line' id='line_1_9' title="bbox 149 1203 1246 1294; baseline -0.001 -19"><span class='ocrx_word' id='word_1_68' title='bbox 149 1221 217 1286; x_wconf 82' lang='grc' dir='ltr'><strong><em>τοῖς</em></strong></span> <span class='ocrx_word' id='word_1_69' title='bbox 248 1205 504 1294; x_wconf 75' lang='grc' dir='ltr'><strong><em>στρατεύμασιν·</em></strong></span> <span class='ocrx_word' id='word_1_70' title='bbox 554 1207 598 1284; x_wconf 76' lang='grc' dir='ltr'><strong><em>ὥς</em></strong></span> <span class='ocrx_word' id='word_1_71' title='bbox 620 1210 651 1272; x_wconf 83' lang='grc' dir='ltr'><strong><em>δ’</em></strong></span> <span class='ocrx_word' id='word_1_72' title='bbox 671 1209 716 1282; x_wconf 79' lang='grc' dir='ltr'><strong><em>εἰς</em></strong></span> <span class='ocrx_word' id='word_1_73' title='bbox 738 1206 991 1275; x_wconf 78' lang='grc' dir='ltr'><strong><em>Φιλιπποόπολιν</em></strong></span> <span class='ocrx_word' id='word_1_74' title='bbox 1021 1207 1051 1274; x_wconf 80' lang='grc' dir='ltr'><strong><em>οἱ</em></strong></span> <span class='ocrx_word' id='word_1_75' title='bbox 1069 1203 1246 1289; x_wconf 83' lang='grc' dir='ltr'><strong><em>’Λλαμανοί</em></strong></span> 
     </span>
     <span class='ocr_line' id='line_1_10' title="bbox 149 1304 1244 1394; baseline -0.002 -20"><span class='ocrx_word' id='word_1_76' title='bbox 149 1311 390 1394; x_wconf 73' lang='grc' dir='ltr'><strong><em>παρενέβαλον,</em></strong></span> <span class='ocrx_word' id='word_1_77' title='bbox 418 1309 493 1372; x_wconf 76' lang='lat' dir='ltr'>eddi</span> <span class='ocrx_word' id='word_1_78' title='bbox 526 1306 607 1371; x_wconf 81' lang='grc' dir='ltr'><strong><em>κατό</em></strong></span> <span class='ocrx_word' id='word_1_79' title='bbox 636 1304 692 1370; x_wconf 90' lang='grc' dir='ltr'><strong><em>τόν</em></strong></span> <span class='ocrx_word' id='word_1_80' title='bbox 725 1310 826 1372; x_wconf 80' lang='grc' dir='ltr'><strong><em>ε’κεῖσε</em></strong></span> <span class='ocrx_word' id='word_1_81' title='bbox 849 1307 995 1390; x_wconf 89' lang='grc' dir='ltr'><strong><em>σταθμόν</em></strong></span> <span class='ocrx_word' id='word_1_82' title='bbox 1029 1311 1064 1383; x_wconf 85' lang='grc' dir='ltr'><strong><em>ές</em></strong></span> <span class='ocrx_word' id='word_1_83' title='bbox 1081 1307 1244 1394; x_wconf 75' lang='grc' dir='ltr'><strong><em>διαφορὰν</em></strong></span> 
     </span>
     <span class='ocr_line' id='line_1_11' title="bbox 107 1399 1271 1492; baseline 0 -22"><span class='ocrx_word' id='word_1_84' title='bbox 107 1408 283 1474; x_wconf 85' lang='grc' dir='ltr'><strong><em>ιοοῖιιεῖδον</em></strong></span> <span class='ocrx_word' id='word_1_85' title='bbox 303 1404 343 1472; x_wconf 78' lang='grc' dir='ltr'><strong><em>τό</em></strong></span> <span class='ocrx_word' id='word_1_86' title='bbox 362 1406 514 1488; x_wconf 79' lang='grc' dir='ltr'><strong><em>τάγματα.</em></strong></span> <span class='ocrx_word' id='word_1_87' title='bbox 545 1403 561 1470; x_wconf 85' lang='grc' dir='ltr'><strong><em>ό</em></strong></span> <span class='ocrx_word' id='word_1_88' title='bbox 586 1403 647 1490; x_wconf 85' lang='grc' dir='ltr'><strong><em>γόρ</em></strong></span> <span class='ocrx_word' id='word_1_89' title='bbox 667 1410 721 1490; x_wconf 82' lang='grc' dir='ltr'><strong><em>τῆς</em></strong></span> <span class='ocrx_word' id='word_1_90' title='bbox 739 1406 849 1490; x_wconf 72' lang='grc' dir='ltr'><strong><em>χώρας</em></strong></span> <span class='ocrx_word' id='word_1_91' title='bbox 868 1403 1039 1492; x_wconf 82' lang='grc' dir='ltr'><strong><em>α’ρχιερεός</em></strong></span> <span class='ocrx_word' id='word_1_92' title='bbox 1060 1399 1116 1492; x_wconf 73' lang='grc' dir='ltr'><strong><em>(ἢν</em></strong></span> <span class='ocrx_word' id='word_1_93' title='bbox 1136 1410 1168 1471; x_wconf 83' lang='grc' dir='ltr'><strong><em>δ’</em></strong></span> <span class='ocrx_word' id='word_1_94' title='bbox 1187 1399 1271 1471; x_wconf 73' lang='grc' dir='ltr'><strong><em>οἷν-(λ</em></strong></span> 
     </span>
     <span class='ocr_line' id='line_1_12' title="bbox 149 1500 1241 1593; baseline -0.002 -21"><span class='ocrx_word' id='word_1_95' title='bbox 149 1529 205 1584; x_wconf 86' lang='grc' dir='ltr'><strong><em>τος</em></strong></span> <span class='ocrx_word' id='word_1_96' title='bbox 224 1505 243 1570; x_wconf 89' lang='grc' dir='ltr'><strong><em>ό</em></strong></span> <span class='ocrx_word' id='word_1_97' title='bbox 264 1503 412 1580; x_wconf 77' lang='grc' dir='ltr'><strong><em>Ἰταλικὸς</em></strong></span> <span class='ocrx_word' id='word_1_98' title='bbox 431 1500 584 1587; x_wconf 80' lang='grc' dir='ltr'><strong><em>Μιχαὴλ,</em></strong></span> <span class='ocrx_word' id='word_1_99' title='bbox 605 1504 622 1568; x_wconf 88' lang='grc' dir='ltr'><strong><em>ό</em></strong></span> <span class='ocrx_word' id='word_1_100' title='bbox 645 1509 698 1569; x_wconf 89' lang='grc' dir='ltr'><strong><em>καί</em></strong></span> <span class='ocrx_word' id='word_1_101' title='bbox 715 1501 796 1593; x_wconf 78' lang='grc' dir='ltr'><strong><em>λόγῳ</em></strong></span> <span class='ocrx_word' id='word_1_102' title='bbox 818 1503 917 1583; x_wconf 81' lang='grc' dir='ltr'><strong><em>πολός</em></strong></span> <span class='ocrx_word' id='word_1_103' title='bbox 937 1509 994 1571; x_wconf 85' lang='grc' dir='ltr'><strong><em>καί</em></strong></span> <span class='ocrx_word' id='word_1_104' title='bbox 1010 1510 1127 1591; x_wconf 86' lang='grc' dir='ltr'><strong><em>σοφίας</em></strong></span> <span class='ocrx_word' id='word_1_105' title='bbox 1150 1504 1241 1570; x_wconf 87' lang='grc' dir='ltr'><strong><em>όποί·</em></strong></span> 
     </span>
     <span class='ocr_line' id='line_1_13' title="bbox 149 1599 1240 1691; baseline 0.001 -22"><span class='ocrx_word' id='word_1_106' title='bbox 149 1631 190 1682; x_wconf 86' lang='grc' dir='ltr'><strong><em>ας</em></strong></span> <span class='ocrx_word' id='word_1_107' title='bbox 209 1603 295 1671; x_wconf 79' lang='grc' dir='ltr'><strong><em>εἴποι</em></strong></span> <span class='ocrx_word' id='word_1_108' title='bbox 314 1629 363 1679; x_wconf 84' lang='grc' dir='ltr'><strong><em>τις</em></strong></span> <span class='ocrx_word' id='word_1_109' title='bbox 382 1607 529 1688; x_wconf 88' lang='grc' dir='ltr'><strong><em>μέλημα,</em></strong></span> <span class='ocrx_word' id='word_1_110' title='bbox 554 1605 613 1669; x_wconf 79' lang='grc' dir='ltr'><strong><em>κόν</em></strong></span> <span class='ocrx_word' id='word_1_111' title='bbox 631 1615 699 1680; x_wconf 86' lang='grc' dir='ltr'><strong><em>ταῖς</em></strong></span> <span class='ocrx_word' id='word_1_112' title='bbox 723 1603 863 1686; x_wconf 75' lang='grc' dir='ltr'><strong><em>ὁμιλίαις</em></strong></span> <span class='ocrx_word' id='word_1_113' title='bbox 880 1605 916 1672; x_wconf 91' lang='grc' dir='ltr'><strong><em>τό</em></strong></span> <span class='ocrx_word' id='word_1_114' title='bbox 937 1599 1017 1691; x_wconf 75' lang='grc' dir='ltr'><strong><em>ἦθος</em></strong></span> <span class='ocrx_word' id='word_1_115' title='bbox 1037 1603 1240 1690; x_wconf 69' lang='grc' dir='ltr'><strong><em>ἐπαγωγότα-</em></strong></span> 
     </span>
     <span class='ocr_line' id='line_1_14' title="bbox 148 1697 1275 1793; baseline 0 -22"><span class='ocrx_word' id='word_1_116' title='bbox 148 1729 202 1783; x_wconf 87' lang='grc' dir='ltr'><strong><em>τος</em></strong></span> <span class='ocrx_word' id='word_1_117' title='bbox 231 1704 289 1770; x_wconf 83' lang='grc' dir='ltr'><strong><em>καί</em></strong></span> <span class='ocrx_word' id='word_1_118' title='bbox 322 1707 413 1780; x_wconf 89' lang='grc' dir='ltr'><strong><em>λίθος</em></strong></span> <span class='ocrx_word' id='word_1_119' title='bbox 450 1697 598 1788; x_wconf 77' lang='grc' dir='ltr'><strong><em>όντικρος</em></strong></span> <span class='ocrx_word' id='word_1_120' title='bbox 620 1705 817 1793; x_wconf 83' lang='grc' dir='ltr'><strong><em>Μόγνησσα)</em></strong></span> <span class='ocrx_word' id='word_1_121' title='bbox 849 1699 949 1783; x_wconf 72' lang='grc' dir='ltr'><strong><em>οὕτως</em></strong></span> <span class='ocrx_word' id='word_1_122' title='bbox 974 1705 1152 1790; x_wconf 83' lang='grc' dir='ltr'><strong><em>όπηγόγετο</em></strong></span> <span class='ocrx_word' id='word_1_123' title='bbox 1185 1703 1242 1771; x_wconf 85' lang='grc' dir='ltr'><strong><em>τόν</em></strong></span> <span class='ocrx_word' id='word_1_124' title='bbox 1272 1718 1275 1727; x_wconf 88' lang='grc'><em>“</em></span> 
     </span>
     <span class='ocr_line' id='line_1_15' title="bbox 149 1799 1243 1892; baseline -0.001 -22"><span class='ocrx_word' id='word_1_125' title='bbox 149 1806 238 1892; x_wconf 74' lang='grc' dir='ltr'><strong><em>ῥῆγα</em></strong></span> <span class='ocrx_word' id='word_1_126' title='bbox 264 1813 335 1880; x_wconf 74' lang='grc' dir='ltr'><strong><em>ταῖς</em></strong></span> <span class='ocrx_word' id='word_1_127' title='bbox 363 1806 429 1868; x_wconf 81' lang='grc' dir='ltr'><strong><em>τοόν</em></strong></span> <span class='ocrx_word' id='word_1_128' title='bbox 461 1799 562 1886; x_wconf 85' lang='grc' dir='ltr'><strong><em>λόγων</em></strong></span> <span class='ocrx_word' id='word_1_129' title='bbox 591 1800 768 1888; x_wconf 86' lang='grc' dir='ltr'><strong><em>εἰιθηλόνας</em></strong></span> <span class='ocrx_word' id='word_1_130' title='bbox 800 1803 900 1888; x_wconf 79' lang='grc' dir='ltr'><strong><em>ἴυγξι,</em></strong></span> <span class='ocrx_word' id='word_1_131' title='bbox 923 1809 979 1870; x_wconf 81' lang='grc' dir='ltr'><strong><em>καί</em></strong></span> <span class='ocrx_word' id='word_1_132' title='bbox 997 1805 1043 1892; x_wconf 74' lang='grc' dir='ltr'><strong><em>τῷ</em></strong></span> <span class='ocrx_word' id='word_1_133' title='bbox 1062 1808 1166 1885; x_wconf 84' lang='grc' dir='ltr'><strong><em>μέλιτι</em></strong></span> <span class='ocrx_word' id='word_1_134' title='bbox 1185 1809 1243 1887; x_wconf 76' lang='grc' dir='ltr'><strong><em>τῆς</em></strong></span> 
     </span>
     <span class='ocr_line' id='line_1_16' title="bbox 105 1898 1244 1989; baseline 0.001 -23"><span class='ocrx_word' id='word_1_135' title='bbox 105 1905 141 1966; x_wconf 87' lang='lat'><strong><em>15</em></strong></span> <span class='ocrx_word' id='word_1_136' title='bbox 148 1902 290 1988; x_wconf 84' lang='grc' dir='ltr'><strong><em>γλιόττης</em></strong></span> <span class='ocrx_word' id='word_1_137' title='bbox 310 1898 564 1988; x_wconf 74' lang='grc' dir='ltr'><strong><em>κατεγοήτεοσεν,</em></strong></span> <span class='ocrx_word' id='word_1_138' title='bbox 586 1902 804 1989; x_wconf 76' lang='grc' dir='ltr'><strong><em>α’ντιστρόφοις</em></strong></span> <span class='ocrx_word' id='word_1_139' title='bbox 821 1907 881 1984; x_wconf 81' lang='grc' dir='ltr'><strong><em>μὲν</em></strong></span> <span class='ocrx_word' id='word_1_140' title='bbox 901 1899 949 1980; x_wconf 75' lang='grc' dir='ltr'><strong><em>οἷς</em></strong></span> <span class='ocrx_word' id='word_1_141' title='bbox 971 1906 1155 1988; x_wconf 66' lang='grc' dir='ltr'><strong><em>ἐφθέγγετο,</em></strong></span> <span class='ocrx_word' id='word_1_142' title='bbox 1176 1911 1244 1980; x_wconf 75' lang='grc' dir='ltr'><strong><em>τοῖς</em></strong></span> 
     </span>
     <span class='ocr_line' id='line_1_17' title="bbox 150 1999 1242 2088; baseline -0.003 -19"><span class='ocrx_word' id='word_1_143' title='bbox 150 2007 186 2070; x_wconf 77' lang='grc' dir='ltr'><strong><em>δὲ</em></strong></span> <span class='ocrx_word' id='word_1_144' title='bbox 203 2005 376 2085; x_wconf 80' lang='grc' dir='ltr'><strong><em>Ῥωμαίοις</em></strong></span> <span class='ocrx_word' id='word_1_145' title='bbox 396 2003 567 2088; x_wconf 77' lang='grc' dir='ltr'><strong><em>έπωφελαῖς</em></strong></span> <span class='ocrx_word' id='word_1_146' title='bbox 586 1999 644 2086; x_wconf 71' lang='grc' dir='ltr'><strong><em>τήν</em></strong></span> <span class='ocrx_word' id='word_1_147' title='bbox 664 2000 790 2085; x_wconf 78' lang='grc' dir='ltr'><strong><em>γνοόμην</em></strong></span> <span class='ocrx_word' id='word_1_148' title='bbox 802 2006 1001 2082; x_wconf 85' lang='grc' dir='ltr'><strong><em>μεταμείβιον</em></strong></span> <span class='ocrx_word' id='word_1_149' title='bbox 1021 2005 1076 2066; x_wconf 81' lang='grc' dir='ltr'><strong><em>καί</em></strong></span> <span class='ocrx_word' id='word_1_150' title='bbox 1094 2000 1174 2068; x_wconf 82' lang='grc' dir='ltr'><strong><em>κατὰ</em></strong></span> <span class='ocrx_word' id='word_1_151' title='bbox 1189 2001 1242 2067; x_wconf 89' lang='grc' dir='ltr'><strong><em>τόν</em></strong></span> 
     </span>
     <span class='ocr_line' id='line_1_18' title="bbox 149 2098 1243 2188; baseline -0.004 -18"><span class='ocrx_word' id='word_1_152' title='bbox 149 2101 278 2188; x_wconf 80' lang='grc' dir='ltr'><strong><em>Φόριον</em></strong></span> <span class='ocrx_word' id='word_1_153' title='bbox 314 2104 455 2185; x_wconf 83' lang='grc' dir='ltr'><strong><em>Πρωτέα</em></strong></span> <span class='ocrx_word' id='word_1_154' title='bbox 486 2104 685 2187; x_wconf 77' lang='grc' dir='ltr'><strong><em>δραστηρίοις</em></strong></span> <span class='ocrx_word' id='word_1_155' title='bbox 714 2098 1005 2182; x_wconf 80' lang='grc' dir='ltr'><strong><em>μεταβαλλόμενος,</em></strong></span> <span class='ocrx_word' id='word_1_156' title='bbox 1039 2100 1084 2176; x_wconf 75' lang='grc' dir='ltr'><strong><em>ὥς</em></strong></span> <span class='ocrx_word' id='word_1_157' title='bbox 1115 2103 1151 2168; x_wconf 78' lang='grc' dir='ltr'><strong><em>έν</em></strong></span> <span class='ocrx_word' id='word_1_158' title='bbox 1181 2103 1243 2167; x_wconf 83' lang='grc' dir='ltr'><strong><em>τεόν</em></strong></span> 
     </span>
     <span class='ocr_line' id='line_1_19' title="bbox 146 2195 1242 2287; baseline -0.005 -18"><span class='ocrx_word' id='word_1_159' title='bbox 146 2197 242 2269; x_wconf 74' lang='grc' dir='ltr'><strong><em>ὅταν</em></strong></span> <span class='ocrx_word' id='word_1_160' title='bbox 269 2201 446 2285; x_wconf 73' lang='grc' dir='ltr'><strong><em>ἀναρτῆσαι</em></strong></span> <span class='ocrx_word' id='word_1_161' title='bbox 465 2198 544 2266; x_wconf 81' lang='grc' dir='ltr'><strong><em>κατὰ</em></strong></span> <span class='ocrx_word' id='word_1_162' title='bbox 570 2199 646 2276; x_wconf 86' lang='grc' dir='ltr'><strong><em>τοός</em></strong></span> <span class='ocrx_word' id='word_1_163' title='bbox 663 2195 836 2287; x_wconf 83' lang='grc' dir='ltr'><strong><em>όμφορὲιον</em></strong></span> <span class='ocrx_word' id='word_1_164' title='bbox 857 2201 1020 2276; x_wconf 79' lang='grc' dir='ltr'><strong><em>διακένους</em></strong></span> <span class='ocrx_word' id='word_1_165' title='bbox 1041 2200 1097 2266; x_wconf 92' lang='grc' dir='ltr'><strong><em>τόν</em></strong></span> <span class='ocrx_word' id='word_1_166' title='bbox 1118 2197 1242 2284; x_wconf 66' lang='lat' dir='ltr'>cippid-</span> 
     </span>
     <span class='ocr_line' id='line_1_20' title="bbox 147 2297 1242 2390; baseline -0.005 -22"><span class='ocrx_word' id='word_1_167' title='bbox 147 2327 256 2390; x_wconf 83' lang='grc' dir='ltr'><strong><em>φρονα</em></strong></span> <span class='ocrx_word' id='word_1_168' title='bbox 290 2300 374 2386; x_wconf 78' lang='grc' dir='ltr'><strong><em>ρἤα</em></strong></span> <span class='ocrx_word' id='word_1_169' title='bbox 386 2349 395 2379; x_wconf 97' lang='grc'><strong><em>,</em></strong></span> <span class='ocrx_word' id='word_1_170' title='bbox 416 2304 473 2364; x_wconf 82' lang='grc' dir='ltr'><strong><em>καί</em></strong></span> <span class='ocrx_word' id='word_1_171' title='bbox 502 2299 652 2366; x_wconf 84' lang='grc' dir='ltr'><strong><em>σόσσιτον</em></strong></span> <span class='ocrx_word' id='word_1_172' title='bbox 679 2297 941 2385; x_wconf 79' lang='grc' dir='ltr'><strong><em>παραλαμβάνειν</em></strong></span> <span class='ocrx_word' id='word_1_173' title='bbox 962 2298 1019 2364; x_wconf 82' lang='grc' dir='ltr'><strong><em>καί</em></strong></span> <span class='ocrx_word' id='word_1_174' title='bbox 1037 2299 1242 2382; x_wconf 77' lang='grc' dir='ltr'><strong><em>μεταδιδόναι</em></strong></span> 
     </span>
     <span class='ocr_line' id='line_1_21' title="bbox 101 2397 1240 2487; baseline -0.002 -22"><span class='ocrx_word' id='word_1_175' title='bbox 101 2425 139 2465; x_wconf 83' lang='lat' dir='ltr'><strong><em>no</em></strong></span> <span class='ocrx_word' id='word_1_176' title='bbox 148 2397 353 2486; x_wconf 82' lang='grc' dir='ltr'><strong><em>προπόσεων·</em></strong></span> <span class='ocrx_word' id='word_1_177' title='bbox 401 2398 437 2476; x_wconf 84' lang='grc' dir='ltr'><strong><em>δς</em></strong></span> <span class='ocrx_word' id='word_1_178' title='bbox 467 2402 523 2464; x_wconf 84' lang='grc' dir='ltr'><strong><em>καί</em></strong></span> <span class='ocrx_word' id='word_1_179' title='bbox 553 2398 661 2487; x_wconf 77' lang='grc' dir='ltr'><strong><em>μετῄει</em></strong></span> <span class='ocrx_word' id='word_1_180' title='bbox 692 2399 877 2480; x_wconf 85' lang='grc' dir='ltr'><strong><em>αι’μοτότιος,</em></strong></span> <span class='ocrx_word' id='word_1_181' title='bbox 902 2398 990 2487; x_wconf 78' lang='grc' dir='ltr'><strong><em>αδτηῖ</em></strong></span> <span class='ocrx_word' id='word_1_182' title='bbox 1011 2399 1240 2484; x_wconf 84' lang='grc' dir='ltr'><strong><em>χαριζόμενος,</em></strong></span> 
     </span>
     <span class='ocr_line' id='line_1_22' title="bbox 146 2493 1241 2584; baseline -0.003 -18"><span class='ocrx_word' id='word_1_183' title='bbox 146 2499 225 2576; x_wconf 83' lang='grc' dir='ltr'><strong><em>τοός</em></strong></span> <span class='ocrx_word' id='word_1_184' title='bbox 254 2493 334 2564; x_wconf 74' lang='grc' dir='ltr'><strong><em>ἄνευ</em></strong></span> <span class='ocrx_word' id='word_1_185' title='bbox 364 2499 565 2574; x_wconf 80' lang='grc' dir='ltr'><strong><em>καταθέσεοος</em></strong></span> <span class='ocrx_word' id='word_1_186' title='bbox 596 2499 750 2584; x_wconf 82' lang='grc' dir='ltr'><strong><em>όργορίοο</em></strong></span> <span class='ocrx_word' id='word_1_187' title='bbox 777 2496 816 2563; x_wconf 83' lang='grc' dir='ltr'><strong><em>τό</em></strong></span> <span class='ocrx_word' id='word_1_188' title='bbox 838 2507 910 2563; x_wconf 76' lang='grc' dir='ltr'><strong><em>σῖτα</em></strong></span> <span class='ocrx_word' id='word_1_189' title='bbox 931 2496 1065 2564; x_wconf 82' lang='grc' dir='ltr'><strong><em>όθενοῦν</em></strong></span> <span class='ocrx_word' id='word_1_190' title='bbox 1084 2497 1241 2584; x_wconf 74' lang='grc' dir='ltr'><strong><em>παρεισιό-</em></strong></span> 
     </span>
    </p>
   </div>
   <div class='ocr_carea' id='block_1_3' title="bbox 144 2569 1285 2786">
    <p class='ocr_par' dir='ltr' id='par_1_3' title="bbox 144 2569 1285 2786">
     <span class='ocr_line' id='line_1_23' title="bbox 144 2569 1285 2686; baseline 0.004 -24"><span class='ocrx_word' id='word_1_191' title='bbox 144 2623 272 2685; x_wconf 65' lang='lat' dir='ltr'>ponec.</span> <span class='ocrx_word' id='word_1_192' title='bbox 316 2601 379 2684; x_wconf 81' lang='lat'>(5.)</span> <span class='ocrx_word' id='word_1_193' title='bbox 419 2599 470 2662; x_wconf 86' lang='grc' dir='ltr'><strong><em>Ἐν</em></strong></span> <span class='ocrx_word' id='word_1_194' title='bbox 506 2601 541 2662; x_wconf 84' lang='grc' dir='ltr'><strong><em>δὲ</em></strong></span> <span class='ocrx_word' id='word_1_195' title='bbox 570 2601 614 2686; x_wconf 74' lang='grc' dir='ltr'><strong><em>τῷ</em></strong></span> <span class='ocrx_word' id='word_1_196' title='bbox 633 2599 852 2679; x_wconf 89' lang='grc' dir='ltr'><strong><em>μεθίστασθαι</em></strong></span> <span class='ocrx_word' id='word_1_197' title='bbox 872 2598 995 2662; x_wconf 72' lang='grc' dir='ltr'><strong><em>ἐκεῖθεν</em></strong></span> <span class='ocrx_word' id='word_1_198' title='bbox 1014 2601 1069 2664; x_wconf 83' lang='grc' dir='ltr'><strong><em>καί</em></strong></span> <span class='ocrx_word' id='word_1_199' title='bbox 1086 2569 1285 2684; x_wconf 63' lang='grc' dir='ltr'><strong><em>προβῆναιθ</em></strong></span> 
     </span>
     <span class='ocr_line' id='line_1_24' title="bbox 145 2690 1242 2786; baseline -0.003 -20"><span class='ocrx_word' id='word_1_200' title='bbox 145 2699 201 2766; x_wconf 80' lang='grc' dir='ltr'><strong><em>τόν</em></strong></span> <span class='ocrx_word' id='word_1_201' title='bbox 224 2700 308 2786; x_wconf 77' lang='grc' dir='ltr'><strong><em>ρἧα</em></strong></span> <span class='ocrx_word' id='word_1_202' title='bbox 326 2706 391 2774; x_wconf 75' lang='grc' dir='ltr'><strong><em>τοῖς</em></strong></span> <span class='ocrx_word' id='word_1_203' title='bbox 413 2698 611 2782; x_wconf 81' lang='grc' dir='ltr'><strong><em>ἔμπροσθεν,</em></strong></span> <span class='ocrx_word' id='word_1_204' title='bbox 636 2698 671 2760; x_wconf 82' lang='grc' dir='ltr'><strong><em>εἰι</em></strong></span> <span class='ocrx_word' id='word_1_205' title='bbox 690 2701 751 2762; x_wconf 75' lang='grc' dir='ltr'><strong><em>τῶν</em></strong></span> <span class='ocrx_word' id='word_1_206' title='bbox 773 2699 837 2762; x_wconf 86' lang='grc' dir='ltr'><strong><em>κατ’</em></strong></span> <span class='ocrx_word' id='word_1_207' title='bbox 858 2690 958 2781; x_wconf 84' lang='grc' dir='ltr'><strong><em>οόρόν</em></strong></span> <span class='ocrx_word' id='word_1_208' title='bbox 972 2692 1163 2780; x_wconf 79' lang='grc' dir='ltr'><strong><em>’Λλαμανοόν</em></strong></span> <span class='ocrx_word' id='word_1_209' title='bbox 1185 2696 1242 2763; x_wconf 80' lang='grc' dir='ltr'><strong><em>κατ’</em></strong></span> 
     </span>
    </p>
   </div>
   <div class='ocr_carea' id='block_1_4' title="bbox 220 2845 1243 3132">
    <p class='ocr_par' dir='ltr' id='par_1_4' title="bbox 220 2845 1243 3132">
     <span class='ocr_line' id='line_1_25' title="bbox 225 2845 1242 2970; baseline 0.001 -69"><span class='ocrx_word' id='word_1_210' title='bbox 225 2867 265 2920; x_wconf 68' lang='lat'><strong><em>¹9</em></strong></span> <span class='ocrx_word' id='word_1_211' title='bbox 285 2845 472 2922; x_wconf 84' lang='grc' dir='ltr'><strong><em>μεταδιδόναι</em></strong></span> <span class='ocrx_word' id='word_1_212' title='bbox 489 2846 549 2970; x_wconf 46' lang='grc' dir='ltr'><strong><em>πρέ</em></strong></span> <span class='ocrx_word' id='word_1_213' title='bbox 575 2853 721 2919; x_wconf 79' lang='grc' dir='ltr'><strong><em>προτιμᾶν</em></strong></span> <span class='ocrx_word' id='word_1_214' title='bbox 739 2850 842 2900; x_wconf 78' lang='grc' dir='ltr'><strong><em>τοῦτον</em></strong></span> <span class='ocrx_word' id='word_1_215' title='bbox 854 2849 894 2906; x_wconf 70' lang='grc' dir='ltr'><strong><em>εἰς</em></strong></span> <span class='ocrx_word' id='word_1_216' title='bbox 912 2848 1041 2902; x_wconf 74' lang='lat' dir='ltr'>redocrii.</span> <span class='ocrx_word' id='word_1_217' title='bbox 1131 2864 1172 2904; x_wconf 78' lang='grc' dir='ltr'><strong><em>τα</em></strong></span> <span class='ocrx_word' id='word_1_218' title='bbox 1189 2862 1242 2920; x_wconf 81' lang='grc' dir='ltr'><strong><em>με·</em></strong></span> 
     </span>
     <span class='ocr_line' id='line_1_26' title="bbox 220 2916 1243 2994; baseline -0.004 -20"><span class='ocrx_word' id='word_1_219' title='bbox 220 2923 293 2994; x_wconf 63' lang='lat' dir='ltr'>ejeci</span> <span class='ocrx_word' id='word_1_220' title='bbox 319 2919 413 2988; x_wconf 80' lang='grc' dir='ltr'><strong><em>έδειρέ</em></strong></span> <span class='ocrx_word' id='word_1_221' title='bbox 429 2937 509 2977; x_wconf 79' lang='grc' dir='ltr'><strong><em>τινας</em></strong></span> <span class='ocrx_word' id='word_1_222' title='bbox 549 2955 556 2969; x_wconf 93' lang='grc'><strong>.</strong></span> <span class='ocrx_word' id='word_1_223' title='bbox 655 2919 697 2970; x_wconf 78' lang='lat' dir='ltr'><strong><em>ai.</em></strong></span> <span class='ocrx_word' id='word_1_224' title='bbox 718 2919 750 2971; x_wconf 73' lang='grc' dir='ltr'><strong><em>ἐκ</em></strong></span> <span class='ocrx_word' id='word_1_225' title='bbox 772 2917 837 2992; x_wconf 78' lang='grc' dir='ltr'><strong><em>τείν]</em></strong></span> <span class='ocrx_word' id='word_1_226' title='bbox 856 2917 932 2975; x_wconf 76' lang='grc' dir='ltr'><strong><em>τινές</em></strong></span> <span class='ocrx_word' id='word_1_227' title='bbox 947 2923 1004 2972; x_wconf 79' lang='grc' dir='ltr'><strong><em>τῶν</em></strong></span> <span class='ocrx_word' id='word_1_228' title='bbox 1022 2916 1148 2972; x_wconf 80' lang='grc' dir='ltr'><strong><em>ὄπισθεν</em></strong></span> <span class='ocrx_word' id='word_1_229' title='bbox 1171 2917 1243 2971; x_wconf 78' lang='lat' dir='ltr'>dia-</span> 
     </span>
     <span class='ocr_line' id='line_1_27' title="bbox 220 2977 1243 3062; baseline -0.004 -16"><span class='ocrx_word' id='word_1_230' title='bbox 220 2995 281 3046; x_wconf 69' lang='grc' dir='ltr'><strong><em>τόν</em></strong></span> <span class='ocrx_word' id='word_1_231' title='bbox 307 2989 440 3062; x_wconf 84' lang='grc' dir='ltr'><strong><em>εδρόντες</em></strong></span> <span class='ocrx_word' id='word_1_232' title='bbox 468 2988 550 3048; x_wconf 79' lang='grc' dir='ltr'><strong><em>τινός</em></strong></span> <span class='ocrx_word' id='word_1_233' title='bbox 582 2993 639 3042; x_wconf 73' lang='lat' dir='ltr'><strong><em>coir</em></strong></span> <span class='ocrx_word' id='word_1_234' title='bbox 667 2989 804 3058; x_wconf 69' lang='grc' dir='ltr'><strong><em>ρἰομιιίαν</em></strong></span> <span class='ocrx_word' id='word_1_235' title='bbox 825 2991 947 3042; x_wconf 70' lang='grc' dir='ltr'><strong><em>ἔτυπτον</em></strong></span> <span class='ocrx_word' id='word_1_236' title='bbox 968 2988 1043 3058; x_wconf 72' lang='grc' dir='ltr'><strong><em>ὑπὲρ</em></strong></span> <span class='ocrx_word' id='word_1_237' title='bbox 1070 2977 1112 3044; x_wconf 80' lang='grc' dir='ltr'><strong><em>τόν</em></strong></span> <span class='ocrx_word' id='word_1_238' title='bbox 1133 2988 1172 3041; x_wconf 81' lang='grc' dir='ltr'><strong><em>δι’</em></strong></span> <span class='ocrx_word' id='word_1_239' title='bbox 1191 2989 1243 3042; x_wconf 80' lang='grc' dir='ltr'><strong><em>αδ·</em></strong></span> 
     </span>
     <span class='ocr_line' id='line_1_28' title="bbox 221 3049 1242 3132; baseline -0.001 -17"><span class='ocrx_word' id='word_1_240' title='bbox 221 3063 280 3116; x_wconf 77' lang='grc' dir='ltr'><strong><em>τείν</em></strong></span> <span class='ocrx_word' id='word_1_241' title='bbox 314 3057 393 3132; x_wconf 76' lang='grc' dir='ltr'><strong><em>παρέ</em></strong></span> <span class='ocrx_word' id='word_1_242' title='bbox 432 3063 484 3114; x_wconf 82' lang='grc' dir='ltr'><strong><em>τοῦ</em></strong></span> <span class='ocrx_word' id='word_1_243' title='bbox 513 3049 602 3132; x_wconf 80' lang='grc' dir='ltr'><strong><em>ρηγός</em></strong></span> <span class='ocrx_word' id='word_1_244' title='bbox 635 3067 730 3118; x_wconf 81' lang='grc' dir='ltr'><strong><em>κακιῡς</em></strong></span> <span class='ocrx_word' id='word_1_245' title='bbox 764 3062 884 3113; x_wconf 65' lang='lat' dir='ltr'>cuneo.</span> <span class='ocrx_word' id='word_1_246' title='bbox 913 3061 963 3111; x_wconf 83' lang='grc' dir='ltr'><strong><em>καλ</em></strong></span> <span class='ocrx_word' id='word_1_247' title='bbox 991 3064 1058 3129; x_wconf 72' lang='grc' dir='ltr'><strong><em>βοῆς</em></strong></span> <span class='ocrx_word' id='word_1_248' title='bbox 1087 3061 1242 3131; x_wconf 75' lang='grc' dir='ltr'><strong><em>γενομένης</em></strong></span> 
     </span>
    </p>
   </div>
   <div class='ocr_carea' id='block_1_5' title="bbox 147 3198 1357 4340">
    <p class='ocr_par' dir='ltr' id='par_1_5' title="bbox 147 3198 1357 3770">
     <span class='ocr_line' id='line_1_29' title="bbox 147 3198 1329 3275; baseline -0.003 -19"><span class='ocrx_word' id='word_1_249' title='bbox 147 3206 255 3275; x_wconf 73' lang='lat' dir='ltr'>virgine</span> <span class='ocrx_word' id='word_1_250' title='bbox 273 3204 387 3256; x_wconf 78' lang='lat' dir='ltr'>custode</span> <span class='ocrx_word' id='word_1_251' title='bbox 411 3203 487 3256; x_wconf 86' lang='lat' dir='ltr'>urbia</span> <span class='ocrx_word' id='word_1_252' title='bbox 507 3203 667 3264; x_wconf 76' lang='lat' dir='ltr'>adiuuante,</span> <span class='ocrx_word' id='word_1_253' title='bbox 693 3203 727 3256; x_wconf 89' lang='lat' dir='ltr'><strong><em>od</em></strong></span> <span class='ocrx_word' id='word_1_254' title='bbox 747 3205 801 3255; x_wconf 77' lang='lat' dir='ltr'><strong><em>vim</em></strong></span> <span class='ocrx_word' id='word_1_255' title='bbox 820 3204 947 3259; x_wconf 72' lang='lat' dir='ltr'><strong>hostilem</strong></span> <span class='ocrx_word' id='word_1_256' title='bbox 969 3200 1180 3275; x_wconf 80' lang='lat' dir='ltr'>propulsandam</span> <span class='ocrx_word' id='word_1_257' title='bbox 1199 3203 1242 3254; x_wconf 89' lang='lat' dir='ltr'><strong><em>in·</em></strong></span> <span class='ocrx_word' id='word_1_258' title='bbox 1326 3198 1329 3206; x_wconf 86' lang='lat'>&#39;</span> 
     </span>
     <span class='ocr_line' id='line_1_30' title="bbox 148 3271 1357 3346; baseline -0.006 -16"><span class='ocrx_word' id='word_1_259' title='bbox 148 3276 272 3338; x_wconf 72' lang='lat' dir='ltr'>structio,</span> <span class='ocrx_word' id='word_1_260' title='bbox 290 3276 357 3328; x_wconf 78' lang='lat' dir='ltr'>aliea</span> <span class='ocrx_word' id='word_1_261' title='bbox 375 3273 411 3326; x_wconf 85' lang='lat' dir='ltr'><strong><em>ad</em></strong></span> <span class='ocrx_word' id='word_1_262' title='bbox 432 3277 598 3344; x_wconf 78' lang='lat' dir='ltr'>praesidium</span> <span class='ocrx_word' id='word_1_263' title='bbox 616 3274 691 3326; x_wconf 80' lang='lat' dir='ltr'>urbis</span> <span class='ocrx_word' id='word_1_264' title='bbox 714 3277 816 3328; x_wconf 84' lang='lat' dir='ltr'>retinet</span> <span class='ocrx_word' id='word_1_265' title='bbox 833 3286 917 3346; x_wconf 88' lang='lat' dir='ltr'>otque</span> <span class='ocrx_word' id='word_1_266' title='bbox 936 3279 965 3328; x_wconf 90' lang='lat' dir='ltr'><strong><em>in</em></strong></span> <span class='ocrx_word' id='word_1_267' title='bbox 985 3273 1129 3326; x_wconf 82' lang='lat' dir='ltr'>moeniboa</span> <span class='ocrx_word' id='word_1_268' title='bbox 1148 3271 1242 3343; x_wconf 86' lang='lat' dir='ltr'>diapo-</span> <span class='ocrx_word' id='word_1_269' title='bbox 1353 3309 1357 3316; x_wconf 84' lang='lat'>-</span> 
     </span>
     <span class='ocr_line' id='line_1_31' title="bbox 148 3343 1241 3416; baseline -0.004 -16"><span class='ocrx_word' id='word_1_270' title='bbox 148 3349 210 3410; x_wconf 83' lang='lat' dir='ltr'>nit,</span> <span class='ocrx_word' id='word_1_271' title='bbox 239 3347 306 3399; x_wconf 77' lang='lat' dir='ltr'>aliea</span> <span class='ocrx_word' id='word_1_272' title='bbox 338 3346 487 3398; x_wconf 79' lang='lat' dir='ltr'>exercitum</span> <span class='ocrx_word' id='word_1_273' title='bbox 514 3347 723 3398; x_wconf 79' lang='lat' dir='ltr'>diemonnorum</span> <span class='ocrx_word' id='word_1_274' title='bbox 752 3344 827 3398; x_wconf 85' lang='lat' dir='ltr'>haud</span> <span class='ocrx_word' id='word_1_275' title='bbox 845 3348 926 3414; x_wconf 83' lang='lat' dir='ltr'>longo</span> <span class='ocrx_word' id='word_1_276' title='bbox 943 3343 1090 3396; x_wconf 78' lang='lat' dir='ltr'>intervallo</span> <span class='ocrx_word' id='word_1_277' title='bbox 1108 3344 1241 3416; x_wconf 67' lang='lat' dir='ltr'>consequi</span> 
     </span>
     <span class='ocr_line' id='line_1_32' title="bbox 148 3415 1240 3486; baseline -0.002 -18"><span class='ocrx_word' id='word_1_278' title='bbox 148 3417 246 3478; x_wconf 84' lang='lat' dir='ltr'>iubet,</span> <span class='ocrx_word' id='word_1_279' title='bbox 266 3425 295 3468; x_wconf 88' lang='lat' dir='ltr'><strong><em>et</em></strong></span> <span class='ocrx_word' id='word_1_280' title='bbox 320 3433 366 3468; x_wconf 80' lang='lat' dir='ltr'><strong><em>eoa</em></strong></span> <span class='ocrx_word' id='word_1_281' title='bbox 392 3433 516 3468; x_wconf 87' lang='lat' dir='ltr'>coercere</span> <span class='ocrx_word' id='word_1_282' title='bbox 534 3418 582 3486; x_wconf 81' lang='lat' dir='ltr'><strong><em>qui</em></strong></span> <span class='ocrx_word' id='word_1_283' title='bbox 600 3425 675 3468; x_wconf 82' lang='lat' dir='ltr'>extro</span> <span class='ocrx_word' id='word_1_284' title='bbox 698 3416 784 3468; x_wconf 81' lang='lat' dir='ltr'><strong>aciem</strong></span> <span class='ocrx_word' id='word_1_285' title='bbox 806 3415 985 3486; x_wconf 81' lang='lat' dir='ltr'>adpraedam</span> <span class='ocrx_word' id='word_1_286' title='bbox 1006 3423 1035 3466; x_wconf 90' lang='lat' dir='ltr'><strong><em>et</em></strong></span> <span class='ocrx_word' id='word_1_287' title='bbox 1051 3415 1157 3483; x_wconf 76' lang='lat' dir='ltr'>rapinae</span> <span class='ocrx_word' id='word_1_288' title='bbox 1177 3433 1240 3467; x_wconf 85' lang='lat' dir='ltr'>evo-</span> 
     </span>
     <span class='ocr_line' id='line_1_33' title="bbox 149 3486 1239 3558; baseline 0 -20"><span class='ocrx_word' id='word_1_289' title='bbox 149 3497 268 3557; x_wconf 52' lang='lat' dir='ltr'>gentum</span> <span class='ocrx_word' id='word_1_290' title='bbox 287 3486 370 3558; x_wconf 86' lang='lat' dir='ltr'>idque</span> <span class='ocrx_word' id='word_1_291' title='bbox 389 3487 479 3538; x_wconf 81' lang='lat' dir='ltr'>fucere</span> <span class='ocrx_word' id='word_1_292' title='bbox 506 3497 619 3555; x_wconf 82' lang='lat' dir='ltr'>pacate,</span> <span class='ocrx_word' id='word_1_293' title='bbox 639 3503 695 3538; x_wconf 88' lang='lat' dir='ltr'><strong><em>non</em></strong></span> <span class='ocrx_word' id='word_1_294' title='bbox 715 3487 862 3539; x_wconf 77' lang='lat' dir='ltr'>hostiliter.</span> <span class='ocrx_word' id='word_1_295' title='bbox 884 3505 914 3538; x_wconf 85' lang='lat' dir='ltr'><strong><em>ae</em></strong></span> <span class='ocrx_word' id='word_1_296' title='bbox 933 3487 963 3537; x_wconf 91' lang='lat' dir='ltr'><strong><em>in</em></strong></span> <span class='ocrx_word' id='word_1_297' title='bbox 982 3486 1120 3537; x_wconf 76' lang='lat' dir='ltr'>remotiori</span> <span class='ocrx_word' id='word_1_298' title='bbox 1140 3487 1239 3538; x_wconf 85' lang='lat' dir='ltr'>itinere</span> 
     </span>
     <span class='ocr_line' id='line_1_34' title="bbox 148 3557 1239 3679; baseline -0.002 -70"><span class='ocrx_word' id='word_1_299' title='bbox 148 3557 223 3610; x_wconf 85' lang='lat' dir='ltr'>nihil</span> <span class='ocrx_word' id='word_1_300' title='bbox 249 3557 428 3610; x_wconf 75' lang='lat' dir='ltr'>memorabile</span> <span class='ocrx_word' id='word_1_301' title='bbox 454 3559 525 3609; x_wconf 90' lang='lat' dir='ltr'>inter</span> <span class='ocrx_word' id='word_1_302' title='bbox 554 3567 692 3628; x_wconf 86' lang='lat' dir='ltr'>utrunque</span> <span class='ocrx_word' id='word_1_303' title='bbox 719 3558 867 3622; x_wconf 77' lang='lat' dir='ltr'>exercitum</span> <span class='ocrx_word' id='word_1_304' title='bbox 893 3557 998 3609; x_wconf 82' lang='lat' dir='ltr'>eccidit</span> <span class='ocrx_word' id='word_1_305' title='bbox 1018 3565 1050 3610; x_wconf 87' lang='lat' dir='ltr'><strong><em>ut</em></strong></span> <span class='ocrx_word' id='word_1_306' title='bbox 1065 3565 1156 3679; x_wconf 44' lang='lat' dir='ltr'><strong><em>dogm</em></strong></span> <span class='ocrx_word' id='word_1_307' title='bbox 1172 3557 1239 3608; x_wconf 80' lang='lat' dir='ltr'>Ale·</span> 
     </span>
     <span class='ocr_line' id='line_1_35' title="bbox 148 3627 1239 3699; baseline -0.003 -18"><span class='ocrx_word' id='word_1_308' title='bbox 148 3629 244 3682; x_wconf 87' lang='lat' dir='ltr'>manni</span> <span class='ocrx_word' id='word_1_309' title='bbox 262 3629 297 3681; x_wconf 84' lang='lat' dir='ltr'><strong><em>ad</em></strong></span> <span class='ocrx_word' id='word_1_310' title='bbox 307 3629 519 3699; x_wconf 83' lang='lat' dir='ltr'>Philippopolim</span> <span class='ocrx_word' id='word_1_311' title='bbox 538 3638 624 3680; x_wconf 83' lang='lat' dir='ltr'>castro</span> <span class='ocrx_word' id='word_1_312' title='bbox 642 3630 737 3680; x_wconf 83' lang='lat' dir='ltr'>metati</span> <span class='ocrx_word' id='word_1_313' title='bbox 759 3635 830 3688; x_wconf 84' lang='lat' dir='ltr'>aunt,</span> <span class='ocrx_word' id='word_1_314' title='bbox 849 3643 884 3678; x_wconf 86' lang='lat' dir='ltr'><strong><em>ne</em></strong></span> <span class='ocrx_word' id='word_1_315' title='bbox 903 3629 943 3679; x_wconf 90' lang='lat' dir='ltr'><strong><em>ibi</em></strong></span> <span class='ocrx_word' id='word_1_316' title='bbox 962 3628 1074 3698; x_wconf 87' lang='lat' dir='ltr'>quidem</span> <span class='ocrx_word' id='word_1_317' title='bbox 1115 3627 1239 3679; x_wconf 84' lang='lat' dir='ltr'>’saidiom</span> 
     </span>
     <span class='ocr_line' id='line_1_36' title="bbox 149 3699 1239 3770; baseline -0.003 -18"><span class='ocrx_word' id='word_1_318' title='bbox 149 3699 258 3752; x_wconf 76' lang='lat' dir='ltr'>incidit.</span> <span class='ocrx_word' id='word_1_319' title='bbox 276 3717 337 3752; x_wconf 86' lang='lat' dir='ltr'><strong><em>nom</em></strong></span> <span class='ocrx_word' id='word_1_320' title='bbox 355 3702 415 3751; x_wconf 84' lang='lat' dir='ltr'>eiua</span> <span class='ocrx_word' id='word_1_321' title='bbox 436 3701 590 3768; x_wconf 80' lang='lat' dir='ltr'>prouinciae</span> <span class='ocrx_word' id='word_1_322' title='bbox 610 3699 749 3768; x_wconf 77' lang='lat' dir='ltr'>pontifex,</span> <span class='ocrx_word' id='word_1_323' title='bbox 765 3699 877 3751; x_wconf 74' lang='lat' dir='ltr'>Italicus</span> <span class='ocrx_word' id='word_1_324' title='bbox 896 3699 1029 3762; x_wconf 67' lang='lat' dir='ltr'>michaei,</span> <span class='ocrx_word' id='word_1_325' title='bbox 1046 3699 1089 3750; x_wconf 80' lang='lat' dir='ltr'><strong><em>vir</em></strong></span> <span class='ocrx_word' id='word_1_326' title='bbox 1106 3700 1239 3770; x_wconf 72' lang='lat' dir='ltr'>eloquent</span> 
     </span>
    </p>

    <p class='ocr_par' dir='ltr' id='par_1_6' title="bbox 150 3770 1239 3840">
     <span class='ocr_line' id='line_1_37' title="bbox 150 3770 1239 3840; baseline 0 -18"><span class='ocrx_word' id='word_1_327' title='bbox 150 3780 179 3822; x_wconf 83' lang='lat' dir='ltr'><strong><em>et</em></strong></span> <span class='ocrx_word' id='word_1_328' title='bbox 197 3771 274 3822; x_wconf 83' lang='lat' dir='ltr'>omni</span> <span class='ocrx_word' id='word_1_329' title='bbox 300 3771 443 3822; x_wconf 75' lang='lat' dir='ltr'>doctrinae</span> <span class='ocrx_word' id='word_1_330' title='bbox 471 3785 568 3838; x_wconf 82' lang='lat' dir='ltr'>genere</span> <span class='ocrx_word' id='word_1_331' title='bbox 587 3770 758 3840; x_wconf 75' lang='lat' dir='ltr'>perpolitus,</span> <span class='ocrx_word' id='word_1_332' title='bbox 789 3771 818 3820; x_wconf 89' lang='lat' dir='ltr'><strong><em>in</em></strong></span> <span class='ocrx_word' id='word_1_333' title='bbox 836 3772 1022 3840; x_wconf 73' lang='lat' dir='ltr'>congressibus</span> <span class='ocrx_word' id='word_1_334' title='bbox 1043 3771 1082 3822; x_wconf 87' lang='lat' dir='ltr'><strong><em>ita</em></strong></span> <span class='ocrx_word' id='word_1_335' title='bbox 1101 3771 1190 3823; x_wconf 85' lang='lat' dir='ltr'>aoavia</span> <span class='ocrx_word' id='word_1_336' title='bbox 1208 3778 1239 3822; x_wconf 88' lang='lat' dir='ltr'><strong><em>ut</em></strong></span> 
     </span>
    </p>

    <p class='ocr_par' dir='ltr' id='par_1_7' title="bbox 149 3840 1241 3984">
     <span class='ocr_line' id='line_1_38' title="bbox 150 3840 1241 3911; baseline -0.002 -18"><span class='ocrx_word' id='word_1_337' title='bbox 150 3842 185 3893; x_wconf 83' lang='lat' dir='ltr'><strong><em>ab</em></strong></span> <span class='ocrx_word' id='word_1_338' title='bbox 203 3843 263 3893; x_wconf 84' lang='lat' dir='ltr'>eiua</span> <span class='ocrx_word' id='word_1_339' title='bbox 292 3858 340 3893; x_wconf 87' lang='lat' dir='ltr'><strong><em>ore</em></strong></span> <span class='ocrx_word' id='word_1_340' title='bbox 359 3857 452 3894; x_wconf 87' lang='lat' dir='ltr'>omnea</span> <span class='ocrx_word' id='word_1_341' title='bbox 471 3842 638 3911; x_wconf 85' lang='lat' dir='ltr'>penderent,</span> <span class='ocrx_word' id='word_1_342' title='bbox 669 3841 771 3892; x_wconf 84' lang='lat' dir='ltr'>elatum</span> <span class='ocrx_word' id='word_1_343' title='bbox 789 3856 875 3910; x_wconf 77' lang='lat' dir='ltr'>regem</span> <span class='ocrx_word' id='word_1_344' title='bbox 895 3843 1038 3895; x_wconf 83' lang='lat' dir='ltr'>vorborum</span> <span class='ocrx_word' id='word_1_345' title='bbox 1056 3840 1193 3892; x_wconf 86' lang='lat' dir='ltr'>illecebria</span> <span class='ocrx_word' id='word_1_346' title='bbox 1211 3848 1241 3891; x_wconf 88' lang='lat' dir='ltr'><strong><em>et</em></strong></span> 
     </span>
     <span class='ocr_line' id='line_1_39' title="bbox 149 3909 1241 3984; baseline -0.003 -20"><span class='ocrx_word' id='word_1_347' title='bbox 149 3913 259 3984; x_wconf 74' lang='lat' dir='ltr'>linguae</span> <span class='ocrx_word' id='word_1_348' title='bbox 290 3911 456 3975; x_wconf 85' lang='lat' dir='ltr'>dulcedine,</span> <span class='ocrx_word' id='word_1_349' title='bbox 490 3913 564 3964; x_wconf 84' lang='lat' dir='ltr'>aliud</span> <span class='ocrx_word' id='word_1_350' title='bbox 587 3911 705 3964; x_wconf 85' lang='lat' dir='ltr'>dicendo</span> <span class='ocrx_word' id='word_1_351' title='bbox 723 3909 800 3962; x_wconf 85' lang='lat' dir='ltr'>aliud</span> <span class='ocrx_word' id='word_1_352' title='bbox 821 3911 979 3977; x_wconf 72' lang='lat' dir='ltr'>sentiendo,</span> <span class='ocrx_word' id='word_1_353' title='bbox 998 3928 1029 3964; x_wconf 84' lang='lat' dir='ltr'><strong><em>ae</em></strong></span> <span class='ocrx_word' id='word_1_354' title='bbox 1046 3911 1136 3965; x_wconf 87' lang='lat' dir='ltr'>Protei</span> <span class='ocrx_word' id='word_1_355' title='bbox 1155 3910 1241 3961; x_wconf 71' lang='lat' dir='ltr'>instar</span> 
     </span>
    </p>

    <p class='ocr_par' dir='ltr' id='par_1_8' title="bbox 149 3980 1241 4054">
     <span class='ocr_line' id='line_1_40' title="bbox 149 3980 1241 4054; baseline -0.005 -17"><span class='ocrx_word' id='word_1_356' title='bbox 149 4001 198 4054; x_wconf 80' lang='lat' dir='ltr'><strong><em>pro</em></strong></span> <span class='ocrx_word' id='word_1_357' title='bbox 216 3985 401 4036; x_wconf 84' lang='lat' dir='ltr'>Romanorum</span> <span class='ocrx_word' id='word_1_358' title='bbox 421 3981 542 4036; x_wconf 85' lang='lat' dir='ltr'>utilitate</span> <span class='ocrx_word' id='word_1_359' title='bbox 561 3999 590 4034; x_wconf 84' lang='lat' dir='ltr'><strong><em>ae</em></strong></span> <span class='ocrx_word' id='word_1_360' title='bbox 609 3981 844 4047; x_wconf 74' lang='lat' dir='ltr'>transformando,</span> <span class='ocrx_word' id='word_1_361' title='bbox 864 3983 904 4035; x_wconf 89' lang='lat' dir='ltr'><strong><em>ita</em></strong></span> <span class='ocrx_word' id='word_1_362' title='bbox 922 3983 1046 4036; x_wconf 78' lang='lat' dir='ltr'>devinxit</span> <span class='ocrx_word' id='word_1_363' title='bbox 1065 3989 1097 4034; x_wconf 85' lang='lat' dir='ltr'><strong><em>ut</em></strong></span> <span class='ocrx_word' id='word_1_364' title='bbox 1114 3998 1174 4033; x_wconf 87' lang='lat' dir='ltr'><strong><em>eum</em></strong></span> <span class='ocrx_word' id='word_1_365' title='bbox 1196 3980 1241 4032; x_wconf 90' lang='lat' dir='ltr'><strong><em>di-</em></strong></span> 
     </span>
    </p>

    <p class='ocr_par' dir='ltr' id='par_1_9' title="bbox 148 4052 1240 4124">
     <span class='ocr_line' id='line_1_41' title="bbox 148 4052 1240 4124; baseline -0.004 -18"><span class='ocrx_word' id='word_1_366' title='bbox 148 4064 191 4106; x_wconf 86' lang='lat' dir='ltr'><strong><em>eto</em></strong></span> <span class='ocrx_word' id='word_1_367' title='bbox 214 4055 376 4108; x_wconf 77' lang='lat' dir='ltr'>audientem</span> <span class='ocrx_word' id='word_1_368' title='bbox 395 4052 524 4117; x_wconf 83' lang='lat' dir='ltr'>haberet,</span> <span class='ocrx_word' id='word_1_369' title='bbox 543 4053 577 4104; x_wconf 88' lang='lat' dir='ltr'><strong><em>ad</em></strong></span> <span class='ocrx_word' id='word_1_370' title='bbox 598 4054 691 4122; x_wconf 80' lang='lat' dir='ltr'>epulae</span> <span class='ocrx_word' id='word_1_371' title='bbox 711 4054 839 4104; x_wconf 82' lang='lat' dir='ltr'>invitaret</span> <span class='ocrx_word' id='word_1_372' title='bbox 867 4063 895 4106; x_wconf 87' lang='lat' dir='ltr'><strong><em>et</em></strong></span> <span class='ocrx_word' id='word_1_373' title='bbox 921 4056 1089 4124; x_wconf 76' lang='lat' dir='ltr'>propinaret.</span> <span class='ocrx_word' id='word_1_374' title='bbox 1109 4053 1157 4124; x_wconf 85' lang='lat' dir='ltr'><strong><em>qui</em></strong></span> <span class='ocrx_word' id='word_1_375' title='bbox 1176 4053 1240 4122; x_wconf 86' lang='lat' dir='ltr'>qui-</span> 
     </span>
    </p>

    <p class='ocr_par' dir='ltr' id='par_1_10' title="bbox 148 4123 1240 4264">
     <span class='ocr_line' id='line_1_42' title="bbox 148 4123 1240 4194; baseline -0.004 -17"><span class='ocrx_word' id='word_1_376' title='bbox 148 4127 208 4178; x_wconf 90' lang='lat' dir='ltr'><strong><em>dem</em></strong></span> <span class='ocrx_word' id='word_1_377' title='bbox 229 4129 259 4180; x_wconf 89' lang='lat' dir='ltr'><strong><em>in</em></strong></span> <span class='ocrx_word' id='word_1_378' title='bbox 275 4128 335 4180; x_wconf 85' lang='lat' dir='ltr'>eiua</span> <span class='ocrx_word' id='word_1_379' title='bbox 356 4125 469 4194; x_wconf 79' lang='lat' dir='ltr'>gratiam</span> <span class='ocrx_word' id='word_1_380' title='bbox 487 4123 672 4177; x_wconf 74' lang='lat' dir='ltr'>ondeliasime</span> <span class='ocrx_word' id='word_1_381' title='bbox 695 4125 831 4175; x_wconf 77' lang='lat' dir='ltr'>tractabat</span> <span class='ocrx_word' id='word_1_382' title='bbox 849 4141 894 4177; x_wconf 79' lang='lat' dir='ltr'><strong><em>eoa</em></strong></span> <span class='ocrx_word' id='word_1_383' title='bbox 912 4127 960 4194; x_wconf 89' lang='lat' dir='ltr'><strong><em>qui</em></strong></span> <span class='ocrx_word' id='word_1_384' title='bbox 978 4125 1094 4194; x_wconf 84' lang='lat' dir='ltr'>pecunie</span> <span class='ocrx_word' id='word_1_385' title='bbox 1112 4140 1168 4176; x_wconf 91' lang='lat' dir='ltr'><strong><em>non</em></strong></span> <span class='ocrx_word' id='word_1_386' title='bbox 1186 4137 1240 4173; x_wconf 83' lang='lat' dir='ltr'><strong><em>nu·</em></strong></span> 
     </span>
     <span class='ocr_line' id='line_1_43' title="bbox 148 4193 1239 4264; baseline -0.005 -15"><span class='ocrx_word' id='word_1_387' title='bbox 148 4209 249 4250; x_wconf 79' lang='lat' dir='ltr'>encrate</span> <span class='ocrx_word' id='word_1_388' title='bbox 267 4203 453 4250; x_wconf 81' lang='lat' dir='ltr'>commeatum</span> <span class='ocrx_word' id='word_1_389' title='bbox 471 4195 597 4246; x_wconf 74' lang='lat' dir='ltr'>alicunde</span> <span class='ocrx_word' id='word_1_390' title='bbox 617 4195 645 4246; x_wconf 89' lang='lat' dir='ltr'><strong><em>in</em></strong></span> <span class='ocrx_word' id='word_1_391' title='bbox 673 4203 759 4246; x_wconf 76' lang='lat' dir='ltr'>castra</span> <span class='ocrx_word' id='word_1_392' title='bbox 777 4193 955 4247; x_wconf 73' lang='lat' dir='ltr'>advehebant.</span> <span class='ocrx_word' id='word_1_393' title='bbox 992 4196 1040 4264; x_wconf 79' lang='lat'><strong>(5).</strong></span> <span class='ocrx_word' id='word_1_394' title='bbox 1059 4195 1128 4247; x_wconf 86' lang='lat' dir='ltr'><strong><em>Cum</em></strong></span> <span class='ocrx_word' id='word_1_395' title='bbox 1147 4201 1239 4245; x_wconf 85' lang='lat' dir='ltr'>autem</span> 
     </span>
    </p>

    <p class='ocr_par' dir='ltr' id='par_1_11' title="bbox 147 4263 1239 4340">
     <span class='ocr_line' id='line_1_44' title="bbox 147 4263 1239 4340; baseline -0.005 -22"><span class='ocrx_word' id='word_1_396' title='bbox 147 4285 193 4320; x_wconf 78' lang='lat' dir='ltr'>rex</span> <span class='ocrx_word' id='word_1_397' title='bbox 212 4267 277 4324; x_wconf 87' lang='lat' dir='ltr'>inde</span> <span class='ocrx_word' id='word_1_398' title='bbox 296 4263 524 4340; x_wconf 69' lang='lat' dir='ltr'>progrederetur,</span> <span class='ocrx_word' id='word_1_399' title='bbox 546 4267 617 4317; x_wconf 83' lang='lat' dir='ltr'>inter</span> <span class='ocrx_word' id='word_1_400' title='bbox 633 4273 781 4318; x_wconf 81' lang='lat' dir='ltr'>extremum</span> <span class='ocrx_word' id='word_1_401' title='bbox 804 4281 898 4336; x_wconf 73' lang='lat' dir='ltr'>agmen</span> <span class='ocrx_word' id='word_1_402' title='bbox 916 4267 1127 4318; x_wconf 80' lang='lat' dir='ltr'>Alcmannorum</span> <span class='ocrx_word' id='word_1_403' title='bbox 1147 4263 1239 4314; x_wconf 80' lang='lat' dir='ltr'>attio·</span> 
     </span>
    </p>
   </div>
   <div class='ocr_carea' id='block_1_6' title="bbox 0 0 1515 4892">
    <p class='ocr_par' dir='ltr' id='par_1_12' title="bbox 0 0 1515 4892">
     <span class='ocr_line' id='line_1_45' title="bbox 0 0 1515 4892; baseline 0 0"><span class='ocrx_word' id='word_1_404' title='bbox 0 0 1515 4892; x_wconf 95' lang='lat' dir='ltr'><strong><em> </em></strong></span> 
     </span>
    </p>
   </div>
  </div>
 </body>
</html>
