3017 4892
248 275 304 362 30
570 288 743 359 mentun
771 285 1009 355 cnomtmn

247 451 340 526 ναιλις
359 437 550 532 ξυμβάσεις,
574 437 785 524 διαλαμβάνει
805 440 898 506 τοῦτο
917 437 1016 504 παντί
1032 437 1078 525 τῷ
1095 435 1330 522 στρατεύματι,

246 546 354 633 βαλιὰν
373 547 527 632 χάρακα,
555 540 601 628 μὴ
634 531 677 608 dr⁸
694 543 815 606 ἐκεῖθεν
836 532 960 624 ἆτιᾶριιι
980 532 1015 602 τὸ
1032 532 1186 622 παράπαν
1206 535 1332 620 ἰσχυρι-

248 647 399 730 ζόμενος,
432 645 464 712 εἶ
480 641 525 730 μῆ
555 643 612 708 τοῦ
643 643 836 723 πολίσματος
866 634 1018 722 έγκρατῆς
1048 634 1244 723 ὀφθήσεται,
1274 629 1334 701 κᾶν

247 750 280 814 ελ
298 747 500 832 πολιαβῆναί
526 740 556 807 οἱ
588 737 726 824 ξυμβαίη
757 742 798 826 τῇ
824 739 1013 827 προσεδρείᾳ
1033 734 1093 822 τὴν
1121 732 1262 823 κεφαλὴν
1280 737 1337 800 καὶ

249 853 320 921 ταῖς
335 841 454 928 χιόνων
474 843 673 926 παλυνθῆυαι
693 834 843 915 πολλάκις
862 845 1068 923 καταφοραῖς,
1089 834 1135 912 εἰς
1154 837 1230 900 νοῦν
1250 825 1363 916 ὄγιονῧ

220 939 320 1028 ὓᾶμα
340 953 406 1019 τοῖς
438 937 713 1025 πολιορκουμένοις
743 931 805 1003 ὅσα
841 937 902 1018 μὲν
931 939 971 1000 so
989 932 1122 1001 πάθοιεν
1141 937 1215 1021 παρ’
1236 935 1337 1000 αὐτοῦ

249 1038 434 1117 έπευδόντες
468 1043 523 1105 καί
553 1033 717 1114 ἐκστάντες
739 1034 839 1123 ἀὐτῷ
863 1036 923 1101 τοῦ
943 1031 1116 1120 ἐρύματος,
1141 1033 1220 1109 σίοις
1239 1035 1270 1097 d’
1292 1021 1337 1097 ud

248 1140 420 1230 χειρίστοις
442 1139 651 1224 ιλιιοβληθείεν
678 1137 817 1218 πολέμου
838 1130 923 1224 νόμφ
944 1129 1070 1210 ἁλόντες
1087 1131 1144 1198 καί
1162 1130 1221 1218 τὴν
1239 1155 1338 1213 οτρα·

250 1239 323 1308 τιὰν
342 1237 463 1316 ἰδόντες
485 1239 665 1324 εἰσρυεῖσαν
685 1235 826 1300 ἔνδοθεν.
853 1227 895 1319 ἦν
916 1236 947 1299 δ’
967 1232 1079 1298 α’σπίσι
1094 1235 1194 1298 ταῦτα
1214 1229 1338 1319 ἐπᾴδων
1406 1261 1408 1264 ·

251 1337 355 1406 tuom
370 1334 591 1426 ναοφευοίσαις
610 1335 689 1420 πρὸς
707 1331 748 1399 τοὶ
768 1332 1013 1415 ὑποψαλλόμενα
1027 1331 1115 1415 παρὰ
1130 1334 1233 1417 σοφοῦ
1254 1354 1336 1416 φαρ-
1350 1347 1386 1388 1ο

252 1437 359 1523 parad
369 1485 380 1520 ,
412 1438 469 1503 καί
497 1432 629 1521 σμὴχων
657 1426 805 1518 ἄντικρυς
835 1434 1015 1518 διηλέγχετο
1035 1429 1092 1498 τόν
1111 1432 1266 1500 Αἰθίοπα.
1308 1427 1339 1494 οῖ

172 1589 176 1597 .
252 1537 313 1624 γὰρ
332 1537 391 1602 τοῦ
417 1536 574 1622 φρουρίου
597 1532 690 1598 Burei
722 1531 780 1617 τὴν
799 1532 1005 1597 ἐπιστασίαν
1025 1531 1264 1613 πεπιστευμένοι
1285 1528 1342 1594 καί

253 1634 368 1712 πάντες
386 1637 446 1718 μέν
467 1629 713 1718 ἀκαταπλήκτους
734 1625 822 1715 εἶχον
839 1628 920 1716 πρὸς
941 1631 999 1698 τὸν
1017 1633 1146 1716 α’γῶνα,
1166 1633 1340 1696 Κατσταν·

254 1745 336 1811 τίνος
356 1736 393 1800 δέ
421 1757 468 1812 τις
497 1729 658 1814 μάλιστα,
685 1731 745 1795 rod
762 1732 825 1795 cciv
837 1721 1017 1815 'Appmuv
1037 1731 1149 1816 γένους
1166 1726 1208 1796 τὰ
1227 1729 1339 1813 πρῶτα

255 1831 465 1920 κληρούμενος
485 1829 542 1896 καί
559 1831 623 1895 τῶν
642 1831 768 1900 πολλῶν
786 1827 979 1914 ὑπερφέρων
998 1829 1109 1916 χειρὸς
1127 1824 1338 1913 γενναιότητι·
1353 1824 1389 1886 15

257 1931 298 1997 osi
320 1931 382 2017 γὰρ
402 1929 500 2013 μόνον
521 1927 557 1994 τὸ
574 1905 719 1995 ductanda
732 1927 853 2012 πλῆθος
873 1928 1088 2013 έπισυνίστησι
1107 1932 1163 1996 καί
1182 1929 1341 2012 διανιστη

225 2043 292 2099 ltus
313 2029 391 2118 πρὸς
419 2026 476 2096 τὸν
494 2025 578 2094 κατὰ
599 2026 766 2108 Ῥωμαίων
788 2022 944 2111 πόλεμον,
974 2026 1054 2093 ἀλλὰ
1088 2026 1146 2093 καί
1164 2025 1264 2104 αὐτὸς
1283 2027 1343 2092 τοῦ

260 2133 418 2220 φρουρίου
453 2126 603 2204 πολλάκις
630 2123 906 2211 προοπτανόμενος
924 2128 1004 2192 κᾶπί
1020 2128 1077 2193 τοῦ
1101 2126 1241 2215 γηλόφου
1268 2131 1345 2209 μεθ’

261 2227 367 2296 ὅπλων
399 2224 581 2308 ἱστάμενος,
616 2225 669 2312 tp·
688 2217 787 2308 οὗπερ
816 2223 917 2312 ἦμέν
940 2223 1037 2312 φύσις
1058 2223 1116 2312 την
1133 2230 1250 2311 πέτραν
1268 2227 1343 2293 οἰνέ-

261 2332 380 2410 dorff,
410 2325 431 2410 ἢ
453 2328 489 2391 δέ
507 2327 600 2410 τέχνη
622 2329 759 2407 τείχεσιν
782 2319 885 2412 αὕτὴν
902 2328 1070 2411 περιέβαλε
1090 2325 1146 2391 καί
1164 2321 1393 2412 έκροὶτυυεν,οο

261 2424 376 2514 ὕβρεσι
400 2423 455 2492 τὸν
467 2423 602 2508 βασιλέα
616 2423 772 2510 Ἑλληνίδι
782 2424 898 2492 έπλυνε
916 2423 1044 2512 γλοίττη,
1068 2421 1102 2503 ές
1121 2447 1156 2490 τε
1174 2424 1234 2511 τὴν
1254 2418 1343 2489 ἄκοι-

261 2551 311 2594 τιν
327 2528 383 2592 καί
409 2525 467 2602 τὰς
486 2527 666 2611 θυγατέρας
696 2521 715 2588 d
749 2524 930 2610 στόμαργος
956 2525 1130 2611 έρεσχελοῖν
1150 2521 1205 2592 καί
1233 2523 1345 2609 λόγους

263 2618 415 2709 depensa
434 2619 552 2711 ἀφιείς.
573 2619 591 2688 ὅ
609 2621 761 2708 βασιλευς
779 2622 838 2706 μέν
860 2617 918 2689 οὖν
934 2629 1103 2705 συλλαβεῖν
1121 2622 1177 2691 τόν
1193 2625 1345 2709 αἰσχρορ-

265 2722 389 2811 ρὴμονα
415 2722 579 2810 βάρβαρον
603 2721 659 2788 καί
679 2725 770 2799 δίκας
796 2728 905 2807 λαβεῖν
931 2725 1105 2803 ,έξέιιείνου
1124 2727 1287 2809 ἐγλίχετο·
1327 2722 1345 2788 d

264 2827 300 2890 di
320 2829 361 2913 τῇ
379 2827 516 2912 σφετέρᾳ
538 2821 699 2900 πεποιθώς
721 2823 831 2912 ῥώμη,
850 2827 908 2890 καί
924 2823 1007 2909 μέγα
1025 2826 1071 2916 τρῖ
1091 2823 1269 2913 δραστηρίῳ
1290 2823 1394 2889 ara-25

333 2959 357 3016 η.
375 2937 568 3004 ὑπεκοτιίντες
583 2942 613 2993 Α.
684 2960 726 2998 τι.
742 2941 837 3012 ἔβαλλε
849 2941 961 3017 γλαλττη
977 2943 1009 2996 A.
1079 2945 1123 2999 25.
1143 2942 1298 3016 κομπάζων
1314 2943 1345 2996 Α.

265 3056 319 3102 stes
335 3063 391 3098 non
411 3045 549 3115 supplices
566 3061 662 3098 manus
679 3046 876 3116 protenderent
891 3063 943 3099 nec
958 3047 1176 3118 pacificationem
1194 3048 1278 3099 ullam
1298 3047 1348 3100 ad-

264 3120 420 3180 mitterent,
438 3125 497 3168 toto
524 3117 645 3168 exercitu
672 3117 865 3186 circumposito
882 3127 912 3170 et
927 3117 1058 3187 operibus
1076 3118 1201 3171 excitatis
1219 3135 1248 3170 se
1265 3136 1348 3188 nega·
1410 3162 1415 3173 .

264 3191 304 3243 vit
320 3188 385 3241 inde
408 3187 589 3240 discessurum
612 3186 665 3239 nisi
682 3195 762 3256 capto
779 3187 895 3259 oppido,
921 3189 1028 3240 etiamsi
1043 3190 1075 3242 in
1092 3188 1236 3242 obsidione
1267 3207 1349 3242 cune-

264 3260 393 3314 scendum
412 3268 441 3310 et
456 3259 559 3310 nivium
575 3257 703 3328 procellis
726 3259 836 3327 saepius
854 3258 1046 3311 albescentium
1063 3268 1151 3322 esset,
1172 3260 1282 3311 interim
1297 3263 1349 3313 ob-

264 3347 351 3384 sessos
369 3330 516 3382 admonens
533 3329 643 3400 quantis
661 3329 802 3380 beneficiis
814 3329 948 3382 afficiendi
967 3337 1066 3393 essent,
1082 3332 1106 3381 si
1123 3331 1277 3382 munitione
1294 3334 1349 3384 sibi

265 3400 409 3462 cederent,
429 3407 457 3450 et
474 3417 557 3470 quam
577 3401 694 3469 pessime
711 3399 863 3463 tractandi,
890 3402 915 3451 si
931 3400 999 3451 beili
1016 3418 1091 3452 more
1109 3403 1181 3471 capti
1200 3403 1349 3456 exercitum
1440 3455 1456 3467 ,,

265 3473 337 3525 intra
355 3469 464 3520 moenia
479 3470 612 3523 viderent
624 3471 674 3524 sed
692 3470 761 3522 baec
772 3469 913 3539 aspidibus
932 3471 1100 3524 canebantur
1117 3489 1196 3524 aures
1213 3472 1248 3523 de
1267 3473 1350 3526 indu-

265 3543 332 3595 stria
360 3539 566 3604 obturantibus,
592 3558 627 3594 ne
642 3543 715 3610 biugi
751 3541 963 3593 incantationem
989 3543 1130 3608 audirent,
1155 3559 1246 3614 neque
1273 3543 1349 3596 aliud

264 3613 320 3666 nisi
337 3609 499 3678 Aethiopem
520 3609 610 3662 iurare
630 3629 691 3664 eum
710 3613 865 3683 apparebat
876 3629 939 3663 nam
956 3621 986 3664 et
1003 3615 1023 3664 ii
1043 3614 1092 3684 qui
1110 3631 1172 3666 eum
1191 3615 1282 3667 locum
1301 3616 1351 3669 de·

265 3681 424 3743 sentiebant,
440 3696 533 3732 omnes
551 3680 585 3731 ad
605 3691 741 3734 certamen
759 3683 847 3752 parati
866 3692 957 3749 erant3
979 3691 1008 3737 et
1026 3685 1221 3737 Constantinus
1239 3688 1350 3756 quidem

266 3753 408 3808 Armenius
437 3748 639 3814 nobilissimus,
665 3754 882 3823 promptitudine
907 3771 1036 3807 manuum
1052 3757 1133 3826 vulgo
1149 3761 1351 3825 praestantior,

267 3825 338 3878 cives
363 3839 419 3874 non
447 3821 529 3873 modo
547 3822 700 3875 instruebat
719 3833 747 3876 st
764 3824 800 3876 ad
825 3827 974 3878 Romanum
992 3825 1097 3879 beilum
1114 3828 1284 3892 concitabat,
1302 3825 1350 3880 sed

267 3897 372 3964 etipse
390 3907 471 3963 saepe
498 3909 532 3945 ex
555 3891 667 3944 castello
688 3903 864 3964 prospectans
892 3905 921 3948 et
938 3905 1056 3948 armatus
1077 3898 1106 3948 in
1134 3897 1240 3950 tumulo
1259 3907 1350 3958 stans,

288 3982 349 4016 uem
367 3972 465 4018 natura
485 3979 570 4034 rupe,
588 3979 630 4018 ars
650 3965 794 4019 moenibus
812 3967 998 4019 circundatum
1016 3968 1142 4031 firmarat,
1163 3970 1264 4020 Graeca
1284 3981 1351 4018 voce

266 3983 382 4090 dicteria
402 4035 431 4086 in
459 4033 649 4106 imperatorem
666 4035 803 4098 iaciebat,
828 4044 857 4088 et
879 4053 991 4088 exorem
1010 4039 1069 4089 eius
1086 4055 1118 4089 ac
1137 4039 1208 4090 filias
1227 4037 1281 4088 oris
1299 4039 1351 4089 im-

268 4106 388 4179 potentis
404 4105 486 4158 homo
504 4103 647 4158 obscoenis
665 4105 754 4159 verbis
781 4104 931 4159 deridebat
947 4109 1042 4176 itaque
1064 4109 1231 4230 petulantem
1251 4105 1350 4158 barba-

268 4193 328 4232 rum
353 4175 582 4249 comprehendere
610 4177 758 4250 imperator
782 4187 811 4231 et
838 4177 955 4230 multare
982 4179 1061 4248 cupie
1082 4188 1118 4232 nt
1136 4189 1165 4233 at
1183 4178 1231 4231 ilie
1247 4178 1351 4235 viribus
