3017 4892
495 325 696 394 ronluuns
726 329 952 399 cosumus.
1216 313 1297 416 45‘

190 475 371 562 o’roynus‘us
391 481 448 542 καί
471 482 582 567 φθορᾷ
600 483 664 546 τῶν
683 478 854 567 ὀχημάτων
872 487 907 550 δν
927 488 972 573 τῇ,
987 483 1150 580 δδοιπορίηι
1167 492 1275 576 χρόνι’·

190 601 320 658 σαντες,
347 572 561 662 ἠναγκάζοντο
584 576 629 662 μη
656 582 720 645 τῶν
752 585 914 666 πατρίδων
939 585 1059 665 βαίνειν
1079 582 1184 672 εόθό,
1205 594 1276 657 αλλ’

191 676 274 743 ἔνθα
292 683 484 760 κατασκηνοῖ
500 675 647 757 βασιλευς
666 683 867 760 μεταβαίνειν
882 679 945 744 dud
957 683 1021 747 τῶν
1042 687 1196 767 ἐπιμελῶς
1216 690 1275 766 τῶς

193 771 287 850 ὁδους
305 775 484 860 τηρούντων
505 773 633 851 καὶτὰς
653 777 846 853 θαλαττίους
864 782 1050 864 περαιῶσεις
1070 785 1274 855 ἐπισκοποόν·

163 878 268 942 ὅτων.
307 872 324 937 ό
359 875 395 937 δὲ
421 870 468 956 μὴ
495 875 616 955 α’γνοεῖν
636 871 718 957 ἔχων
747 875 861 941 scituri
880 887 1058 962 γογγυσμοῦ
1080 882 1198 969 αἴτιον,
1218 891 1307 957 rdet)

193 975 253 1037 ου’τι
273 968 376 1037 εἰδότα
401 969 628 1055 πλαττόμενος,
648 973 699 1037 ἵνα
722 972 767 1058 μή
789 980 911 1058 λέγοιμι
930 976 985 1044 τόν
1001 982 1154 1064 μηδαμῶς
1173 987 1274 1067 ἐμπα-

193 1069 325 1154 ζόμενον
351 1065 615 1154 ὑποκρινόμενος,
644 1071 781 1148 ἐκείνους
801 1077 861 1154 μὲν
880 1071 931 1139 εἴα
951 1089 1156 1164 κενοφωνεῖν,
1177 1082 1275 1158 ου’τός

194 1172 231 1234 δὲ
250 1171 310 1253 τῆς
327 1171 509 1256 προθέσεως
528 1165 647 1250 εἴχετο,
671 1170 844 1252 βούλεσθαι
864 1175 962 1256 λέγων
981 1173 1067 1258 ἔχειν
1085 1177 1160 1253 τοός
1177 1206 1275 1258 στρα-

192 1267 312 1343 τιῶτας
332 1266 576 1344 συσπουδαστοὶς
597 1267 653 1333 καί
669 1271 825 1354 μηδαμῶς
844 1281 913 1347 ταῖς
935 1279 1102 1358 συνεχέσιν
1112 1281 1275 1364 ἕκδημιλιις

148 1369 419 1440 τοαίττιυδοῦντας
447 1369 504 1430 καί
539 1369 774 1444 ιῖποιιναιλιντας.
825 1374 1019 1454 προθέμενος
1049 1378 1086 1439 δὲ
1111 1383 1275 1457 μετελθεῖν

191 1462 268 1542 τεός
288 1463 368 1530 κατὰ
387 1464 422 1530 τό
454 1468 543 1546 θὲμα
563 1469 627 1530 τῶν
644 1467 861 1552 Ἀρμενιακῶν
879 1476 1174 1558 παρεισφθαρέντας
1193 1483 1275 1563 βαρ-

190 1563 329 1648 βάρους,
359 1561 428 1645 ἅμα
459 1567 496 1628 δὲ
518 1563 575 1629 κατ’
601 1569 838 1633 Κιουσταντῖνον
867 1567 919 1636 τόν
946 1573 978 1635 Γ
975 1576 1077 1658 αβρᾶν
1104 1586 1276 1660 κατασχεῖν

188 1661 308 1748 χρόνον
348 1653 409 1747 ἤδη
432 1660 554 1746 ,συχνόν
582 1662 639 1748 τὴν
672 1668 891 1749 Τραπεζοῦντα
921 1669 1193 1756 όποποιησόμενον
1219 1675 1276 1754 ηαδ

190 1757 288 1846 ἤθεσι
319 1770 516 1847 τυραννικοῖς
549 1761 649 1847 ου’τῆν
678 1764 867 1848 διεξόγοντα,
892 1767 946 1832 διό
973 1771 1028 1854 τῆς
1047 1775 1112 1834 τῶν
1132 1778 1275 1858 Παφλα-

147 1875 183 1939 ,5
189 1857 294 1946 γόνων
320 1860 506 1943 συναγκείας
527 1859 585 1943 τήν
612 1865 742 1946 πορείαν
768 1866 895 1949 τίθησιν
915 1869 969 1932 αἐἰ
987 1871 1050 1932 τῶν
1067 1872 1126 1931 τοδ
1147 1868 1276 1935 Πόντου

188 1965 357 2046 παραλίων
382 1961 487 2025 τόπων
521 1959 661 2041 βαδιζειν
693 1959 848 2043 ἐχόμενα,
881 1965 971 2028 δυοῖν
989 1967 1099 2045 isera,
1121 1970 1178 2032 τοῦ
1194 1973 1220 2032 τ’
1240 1972 1275 2033 ts

188 2065 248 2146 τῆς
268 2063 385 2134 οἰκείας
416 2058 525 2144 χώρας
544 2058 601 2144 τὴν
622 2059 777 2143 στρατιάν
797 2060 828 2124 οἱ
848 2064 1036 2145 πορίζεσθαι
1055 2063 1095 2130 τὰ
1116 2062 1275 2152 βιῶσιμα,

188 2162 246 2234 καί
264 2163 296 2226 εἰ
311 2161 422 2243 δεήσει
443 2163 600 2243 συρρῆξαι
625 2155 773 2239 πόλεμον,
795 2158 872 2224 κατὰ
881 2163 962 2240 μίαν
978 2170 1093 2249 μοῖραν
1111 2161 1197 2247 ἔχειν
1216 2169 1291 2248 αδ-ὶ

188 2260 244 2326 τόν
264 2261 476 2340 ἐπικείμενον,
506 2257 572 2322 ἀλλ’
601 2257 660 2321 οδιι
691 2260 725 2336 ἔξ
746 2254 902 2343 ἑκατέρων
928 2265 1035 2345 μερῶν
1062 2266 1275 2347 περικειμενον

142 2358 362 2432 ισκτέντεῦθεν
384 2355 464 2441 πρός
479 2354 707 2438 περικύκλωσιν
720 2354 905 2442 ἐπιτήδειον.
946 2353 987 2442 ἦν
1005 2357 1066 2444 γάρ
1088 2357 1106 2424 ό
1123 2366 1177 2451 τῆς
1189 2369 1308 2431 Kasp
1319 2379 1352 2430 ,3

190 2456 321 2540 οαρείας
350 2455 420 2520 τότε
447 2459 569 2540 κρατῶν
590 2455 805 2537 Μουχοόμετ,
836 2455 910 2540 περί
930 2450 969 2520 οὗ
987 2461 1085 2524 εἰπεῖν
1104 2458 1271 2546 ἕρθημεν,

187 2560 337 2640 πλείστην
365 2548 413 2618 ὅτι
440 2557 700 2638 περιβεβλημένος
730 2553 841 2637 ίσχόν,
872 2558 969 2638 μέρος
988 2580 1023 2621 τε
1053 2559 1109 2640 τῆς
1136 2559 1274 2644 Ἰβηρίας

188 2651 427 2739 ὑπαγαγόμενος
455 2655 510 2717 κατ’
527 2649 595 2716 ἔνια
622 2655 679 2736 τῆς
698 2657 761 2717 τῶν
784 2654 933 2733 ποταμῶν
951 2657 1049 2740 μέσης
1068 2655 1270 2744 παραστησό-

265 2857 286 2891 s.
303 2840 336 2893 δν
353 2855 405 2890 om.
423 2841 454 2891 Δ.
530 2853 568 2902 ¹9·
589 2838 799 2910 περικείμενον]
819 2831 1030 2909 προσφόμινον
1048 2842 1078 2891 Α.
1147 2845 1189 2897 υ3.
1207 2843 1271 2899 ἔνια

256 2911 317 2983 τῆς]
336 2901 386 2986 τᾲς
404 2909 499 2980 χώρας
519 2905 570 2967 ede
585 2909 617 2963 ἐν
637 2912 839 2980 μεσοποταμίᾳ
857 2908 1007 2978 βασιλικὰς
1023 2911 1105 2963 Wolf.
1123 2912 1183 2967 eod.

188 3082 262 3142 τίτε,
280 3078 330 3131 sed
347 3095 380 3129 ex
395 3077 491 3129 morbo
511 3077 629 3146 corporis
648 3085 675 3128 et
701 3078 817 3146 penuria
837 3085 1001 3130 commeatus
1017 3088 1046 3130 et
1062 3080 1165 3131 iactum
1185 3097 1270 3152 equo·

188 3169 247 3203 τοτα
268 3151 297 3201 in
315 3149 414 3202 itinere
430 3148 545 3210 morati,
563 3147 707 3199 deflectere
726 3163 740 3197 a
758 3148 846 3217 patria
864 3149 943 3202 etad
961 3151 1150 3218 imperatorem
1167 3152 1217 3214 ire,
1235 3153 1270 3205 ab

187 3223 222 3274 lis
239 3221 288 3292 qui
305 3221 362 3272 rins
377 3219 523 3288 diligenter
537 3216 701 3270 obsidebant
721 3226 749 3269 et
768 3227 862 3287 portus
883 3220 1080 3280 observabant,
1098 3221 1269 3287 cogebantur.

188 3309 280 3344 remrn
300 3291 360 3361 ipse
384 3307 445 3342 enm
472 3288 668 3356 indignationis
688 3305 797 3339 eausam
816 3291 941 3357 ignorare
958 3304 1014 3339 non
1034 3298 1141 3356 posset,
1163 3291 1270 3358 ignora.

189 3363 312 3424 tionem,
329 3377 364 3413 ne
385 3368 570 3428 contemptum
589 3356 685 3421 dicam,
703 3359 848 3420 simulans,
868 3367 897 3409 et
913 3359 976 3408 illos
995 3359 1086 3408 inania
1104 3359 1187 3412 verba
1206 3363 1269 3418 fun-

190 3433 253 3484 dere
271 3433 373 3494 sinens,
393 3432 548 3482 institutum
566 3445 644 3480 suum
661 3427 782 3497 urgebat
803 3427 914 3479 dicebat
930 3429 1002 3479 enim
1019 3445 1048 3479 se
1064 3431 1165 3484 milites
1183 3432 1269 3488 habe-

192 3519 219 3554 re
235 3503 316 3563 selle,
333 3503 381 3570 qui
398 3500 471 3552 idem
481 3499 555 3570 quod
571 3500 629 3568 ipse
643 3499 754 3562 vellent,
774 3505 802 3549 et
821 3498 1025 3550 continentibus
1047 3501 1268 3570 expeditionibus

189 3591 243 3625 non
265 3573 444 3640 fatigarentur
464 3579 512 3622 aut
536 3571 730 3638 frangerentur.
749 3586 810 3619 cnm
828 3577 918 3619 antem
937 3567 1081 3633 barbaros,
1101 3574 1148 3640 qui
1168 3574 1198 3625 in
1217 3577 1268 3627 Af.

188 3643 369 3695 meniacorum
388 3641 553 3711 provinciam
571 3641 735 3708 irruperant,
754 3639 857 3702 ulcisci,
876 3647 905 3691 et
922 3638 1129 3692 Constantinum
1140 3643 1267 3710 (iubeam,

188 3715 267 3782 longo
287 3715 340 3764 iarn
370 3721 492 3780 tempore
510 3711 679 3780 Trapezunte
706 3710 855 3778 potientem
873 3726 904 3761 sc
919 3726 969 3779 pro
990 3719 1103 3778 tyranno
1123 3729 1152 3764 se
1171 3731 1267 3782 geren-

188 3794 255 3848 tem,
276 3799 373 3852 capere
393 3782 552 3844 statuisset,
570 3797 619 3850 per
636 3779 835 3848 Paphlagonum
852 3782 1002 3832 convallem
1020 3783 1073 3832 iter
1089 3784 1218 3848 intendit,
1235 3794 1267 3839 nt

188 3857 359 3906 continenter
375 3869 426 3923 per
442 3852 576 3903 maritima
595 3851 675 3903 Ponti
693 3850 752 3900 loca
764 3851 986 3917 proficisceretur.
1006 3851 1091 3922 idque
1108 3851 1213 3906 duabus
1231 3855 1267 3908 de

187 3927 287 3989 causis,
308 3934 340 3976 nt
359 3933 387 3975 et
416 3924 549 3974 exercitus
580 3921 667 3972 esuis
690 3921 836 3988 provinciis
853 3931 1032 3984 commeatum
1048 3930 1176 3991 peteret3
1194 3934 1223 3977 et
1242 3927 1267 3979 si

186 4013 273 4066 pugna
289 3991 488 4048 committenda
514 4000 599 4054 esset,
616 4007 648 4044 ea
676 3989 710 4040 ob
728 4007 782 4042 uno
801 3991 933 4044 duntaxat
947 4001 1025 4062 parte
1043 3993 1197 4047 immineret
1215 4013 1268 4049 neo

185 4083 202 4118 n
221 4065 453 4118 circumventione
482 4064 627 4132 quicquam
658 4061 774 4130 periculi
800 4071 878 4114 esset
903 4079 966 4112 nem
993 4062 1197 4129 Muehumetns,
1216 4067 1265 4135 qni

185 4145 242 4190 tum
261 4138 397 4189 Caesarea
419 4133 595 4202 potiebatur,
624 4131 657 4183 de
683 4149 737 4200 quo
759 4149 839 4201 supro
862 4133 995 4195 diximus,
1022 4134 1146 4185 maximis
1166 4135 1264 4204 opibus

184 4209 307 4279 pollebat
327 4215 357 4260 et
374 4205 479 4260 iberiae
497 4211 602 4275 partem
618 4201 761 4272 subegerat
777 4218 808 4256 ae
824 4203 957 4256 nonnulla
973 4203 1186 4273 Mesopotamiae
1203 4206 1263 4259 locs
