3017 4892
53 5 55 14 ’
112 5 302 66 Lausiacne
323 23 389 82 cap.
416 1 452 62 :6
468 3 498 60 in
527 20 589 62 ιοο.

218 80 553 163 κουζασθλάνης.
581 83 651 146 vide
682 87 855 148 Meursium
884 85 916 147 in
942 85 1048 151 endem
1065 92 1215 176 dictione,

112 177 158 233 et
183 163 324 242 κουτζὸς.
438 247 446 262 ,
764 249 772 273 '

219 248 653 415 llillpllvcovtlillinllitllllllse
665 269 831 396 lllllrllotes
853 335 874 414 4
894 334 1010 419 epistol.
1025 356 1062 419 9¹
1078 357 1088 396 1
1107 331 1138 397 oi
1155 338 1217 400 triv

114 415 318 497 νομοθετῶν
337 411 476 486 κώδικες.
496 435 525 477 v.
546 416 678 478 Glossnr.
698 417 736 478 nd
759 419 847 479 Cedr.

53 559 54 566 ¹
220 499 386 576 λαρδιά.
406 519 440 579 p.
463 501 523 560 dnn
544 521 562 559 c
582 494 654 560 ὕεια
676 499 772 579 κρέας
794 502 887 562 codex
908 503 961 563 GB
980 498 1109 581 lnipdea.
1132 502 1220 563 Glos-

53 641 55 652 ‚
114 607 182 648 sae
207 582 335 666 Cyrilli:
356 575 484 658 λα’ρδος,
508 581 631 643 luridus.
652 584 854 665 Theophanes
874 586 904 646 iu
926 585 1112 645 lustininno:
1134 581 1219 645 οἴνου

118 660 281 810 μὲνδγὰἑ)
302 665 357 726 καί
374 660 493 744 lo'pdcu
514 665 571 726 καί
591 663 742 727 παντοίου
764 661 870 739 εἴδους
888 667 1025 729 aconio
1052 655 1101 748 ἧν.
1128 667 1222 729 hodie

53 787 55 822 1
120 745 171 812 λά
221 773 233 810 ι
277 751 370 811 icunt.

174 773 196 832 ρ
222 828 376 910 λεγεοόν
416 833 503 916 legio.
528 829 561 892 S.
595 831 778 895 Athanasius
809 835 841 894 in
870 831 1056 914 Metaplsrasi
1082 829 1223 894 Psalmo·

53 957 56 992 ς
121 937 207 1000 rum
230 935 276 976 ms
297 915 377 976 Psal.
403 917 443 999 76
464 935 543 975 vers.
570 935 626 1000 ¹7³
647 913 903 996 sd'nlridoccori
933 915 1081 994 λεγεῶνας
1106 912 1141 976 τό
1164 912 1222 988 τὰς
1302 977 1307 982 ,

121 996 196 1078 τὴν
220 989 361 1076 ἄβυσσον
381 991 539 1059 ἀπελθών.
561 999 728 1080 Procopius
748 997 822 1078 nepa*
841 1018 945 1074 κτισμ.
972 996 1130 1060 'Incertus
1171 1001 1224 1058 λε·

121 1076 220 1165 ysco'r
253 1079 288 1141 di
320 1076 335 1142 ὁ
364 1077 457 1160 λόχος
489 1075 721 1159 ἐπωνομάζετο.
745 1081 995 1164 Theophylnctus
1022 1081 1063 1142 nd
1093 1101 1161 1162 oap.
1182 1079 1224 1142 26

53 1229 55 1248 Ε
121 1163 276 1228 Mettus
300 1157 414 1242 λεγεών
433 1155 492 1242 γάρ
517 1160 639 1224 interd
660 1163 806 1242 μέγιστον
827 1161 934 1243 τάγμα
952 1155 1158 1242 ἑξακισχίλιοι
1171 1157 1225 1223 irr-

53 1249 55 1260 '
122 1251 215 1319 πεῖς.
256 1244 336 1306 adde
368 1246 535 1305 Paconium
567 1245 708 1326 Eutropii
741 1246 939 1328 Metnpbrest.
969 1269 1002 1328 p.
1023 1267 1063 1331 7⁰
1091 1258 1122 1306 et
1157 1267 1226 1307 ror.

122 1333 300 1392 Constant.
325 1327 364 1389 de
379 1328 486 1388 Them.
509 1327 631 1389 Orient.
651 1330 697 1390 th.
713 1349 739 1389 1.
763 1329 896 1411 Oppiani
910 1329 1013 1391 Sobol.
1037 1326 1225 1410 ρ.44.Β11-

53 1419 54 1486 J
123 1415 198 1476 lum
225 1415 258 1472 in
280 1413 341 1471 LL.
363 1411 451 1472 milit.
474 1412 632 1493 Moschop.
654 1411 792 1472 Alexinm
816 1412 1006 1474 Rharturum
1037 1411 1140 1473 doctr.
1166 1410 1225 1472 ult.

123 1502 275 1561 Graecos
296 1494 335 1555 nd
357 1495 378 1554 Ι.
397 1513 427 1553 2.
452 1493 490 1554 de
510 1491 558 1552 his
579 1498 632 1577 qui
651 1505 713 1554 not.
735 1493 792 1552 ini.

53 1647 54 1652 η
219 1576 441 1657 λειξουρία
465 1575 591 1641 luxuria.
611 1577 682 1639 vide
703 1575 815 1638 Leonis
836 1575 960 1639 Tnotion
980 1597 1046 1661 cap.
1068 1597 1108 1640 no
1129 1582 1148 1653 §
1170 1575 1224 1655 85,

122 1674 159 1728 et
182 1662 235 1726 ibi
259 1660 437 1721 ldeursium.

217 1743 388 1823 λευίτης
410 1741 539 1817 Levita,
562 1739 718 1804 diaconus.
740 1740 837 1804 Gloss.
866 1763 915 1804 ms
928 1741 1053 1826 λευίτης
1072 1738 1227 1816 διάκονος.

126 1831 293 1912 Corippus
314 1829 373 1909 93:

265 1911 333 1968 hinc
351 1909 533 1970 Leor’tarum
553 1907 736 1969 venerahilis
756 1908 832 1969 crdo
852 1921 1025 1972 canentum.

124 1992 211 2058 nihil
243 1990 427 2072 frequentius
449 1995 480 2050 in
502 1992 586 2052 libris
606 2003 741 2073 patrum.
771 1990 844 2051 hinc
865 1991 1051 2052 Archilevita
1080 2013 1141 2073 pro
1162 1992 1226 2053 dr·

125 2077 332 2142 chidiacono.
357 2071 510 2134 Goffridus
531 2077 615 2154 epist.
641 2097 673 2156 ¹7
698 2074 753 2134 lib.
768 2093 806 2134 n:
828 2075 985 2134 indiscrete
1006 2076 1153 2156 gloriosus
1171 2097 1227 2134 oe-

124 2156 190 2223 ster
207 2157 406 2220 Archidevitc
425 2166 485 2217 eto.
508 2157 652 2216 nimirum
674 2153 758 2238 quod
778 2157 881 2218 Aaron
903 2167 934 2218 et
964 2157 1017 2218 filii
1048 2158 1111 2218 eius
1133 2166 1227 2237 atque

124 2244 265 2307 Levitae
286 2241 316 2300 in
339 2237 453 2321 templo
476 2240 615 2312 luerunt,
640 2239 700 2301 linc
720 2238 853 2321 episcopi
871 2251 902 2301 ct
922 2240 1092 2322 presbyteri
1115 2251 1145 2299 et
1159 2241 1226 2299 dia·

124 2329 200 2391 coni
224 2324 288 2386 cibi
309 2322 466 2384 vindicant
489 2322 696 2399 incedenda,
719 2334 755 2382 ut
777 2325 819 2383 ait
841 2323 1046 2404 Hieronymus
1062 2322 1150 2402 epist.
1171 2321 1225 2384 85.

216 2408 266 2470 nl
273 2405 290 2482 ζ
296 2425 358 2479 roc
390 2405 589 2486 domesticus,
612 2405 726 2466 amicus
746 2424 777 2484 p.
803 2404 840 2466 18
861 2427 891 2468 o.
917 2407 1037 2467 Auctor
1055 2405 1107 2465 GB
1128 2401 1228 2479 λιζτός

128 2513 189 2558 του
213 2488 313 2569 ἐγίνη.
334 2488 404 2549 vide
428 2489 561 2549 Iudicem
584 2499 614 2548 et
636 2489 762 2548 Meursii
784 2487 923 2550 Glossnr.
1129 2506 1132 2511 ·

221 2567 423 2650 λογιστὴς.
448 2593 477 2653 p.
493 2573 529 2648 37
553 2568 668 2630 dalius
689 2569 784 2629 codex
804 2564 1013 2652 λογαριαστῆν
1032 2569 1135 2633 habet.
1152 2567 1224 2630 vide

133 2661 293 2720 Zonaram
314 2652 351 2714 nd
374 2675 443 2713 can.
470 2673 504 2712 1ο
525 2651 649 2735 Couc.7
672 2653 804 2713 Oecurn.
826 2674 879 2713 seu
901 2656 1035 2716 Nicenne
1056 2677 1073 2715 n
1094 2653 1224 2737 Synodi.

53 2791 55 2798 ,
132 2740 298 2818 Moschop.
329 2732 403 2812 περὶ
431 2733 518 2814 ozei.
543 2757 576 2816 p.
598 2733 645 2819 47¹
670 2737 700 2794 in
724 2736 795 2794 fine.
827 2735 877 2795 De
902 2735 1023 2819 logista.
1049 2737 1154 2798 Cuiac.
1185 2734 1225 2795 nd

54 2877 55 2882 ,
135 2825 156 2887 l.
180 2827 231 2887 30.
255 2821 291 2880 C.
312 2819 350 2880 de
373 2819 478 2880 decur.
497 2817 515 2878 Ι.
539 2819 566 2880 3.
589 2819 624 2885 C.
647 2817 685 2880 de
707 2819 754 2880 his
776 2818 830 2900 qui
853 2839 897 2900 sp.
922 2841 1006 2883 mun.
1032 2840 1122 2884 susc..
1141 2831 1173 2880 et
1201 2816 1225 2878 l.

139 2909 192 2974 15.
213 2906 258 2967 D.
281 2902 319 2964 de
340 2923 435 2962 excus.
757 2966 761 2974 ,
882 2936 884 2939 -

222 2980 366 3065 λόγγος
393 2986 478 3047 locus
508 2993 664 3068 angustus.
684 2983 754 3045 vide
787 2983 959 3046 cedrenum
987 3004 1021 3065 p.
1038 2983 1098 3065 4⁰7
1120 3004 1157 3058 a,
1191 2993 1223 3044 ct

137 3069 268 3134 Meursii
291 3069 390 3130 Gloss.
578 3095 579 3100 ¹

223 3152 451 3233 λαγοθὲτης
504 3151 713 3214 cancellarius.
754 3149 827 3213 vide
862 3149 1053 3212 Glossarium
1088 3147 1130 3211 nd
1164 3150 1221 3211 Ce-

139 3235 283 3298 menum.
509 3270 511 3276 ·
1002 3256 1004 3261 ·

222 3319 275 3376 λω
288 3338 305 3395 ρ
316 3317 333 3376 ι’
336 3338 401 3378 και
412 3338 478 3379 νον
499 3317 662 3379 loricatum
675 3361 684 3390 ‚
708 3317 806 3377 instar
828 3314 950 3376 loricae.
1197 3349 1201 3355 .

223 3401 366 3478 λοῖρος.
389 3423 419 3500 p.
443 3401 484 3464 86
510 3423 527 3461 c
549 3395 638 3475 ἐξανε
658 3403 787 3469 πολλαῖς
814 3393 869 3459 dui
890 3394 1022 3480 λα’ρωνε
1050 3397 1144 3460 codex
1168 3397 1222 3457 GB

137 3475 324 3562 μαγκλαὶβια
345 3483 421 3554 dove
441 3477 552 3544 πολλά.
579 3484 646 3544 vide
668 3482 706 3542 ad
730 3483 822 3543 Cedr.

220 3562 538 3646 μαγγανίτζασα
582 3584 782 3647 mangonum,
818 3563 956 3625 msclrinn
984 3563 1112 3638 bellica,
1142 3561 1223 3620 idem

139 3646 220 3730 quod
251 3647 421 3730 pruippmuv.
448 3669 518 3733 pag.
555 3649 610 3710 106
639 3651 755 3710 Auctor
776 3651 831 3711 ΟΒ
858 3641 1028 3727 στήσαντες
1047 3643 1224 3725 μαγγανεκά
