3017 4892
326 298 411 415 678
514 372 518 380 .
656 321 832 386 urceum
861 321 1098 388 cnouumn

323 485 379 552 λος
398 477 550 555 εάνοῦχος
571 471 651 556 πρός
670 471 725 537 τόν
748 471 889 550 Ἀλέξων
912 475 953 535 ον’
971 475 1069 554 μόνον
1090 467 1184 540 mesu
1204 499 1236 538 τι
1255 475 1340 558 πρός
1359 479 1409 558 τήν
1500 459 1501 484 ³

324 574 480 642 ἀπόθεσιν
515 572 631 656 ιόράθη
660 567 934 655 διαπραξάμενος,
964 571 1047 636 ἀλλά
1078 571 1134 636 καί
1171 579 1410 660 προσεπέρρωσε
1500 547 1501 636 ό

322 678 442 758 μᾶλλον
462 675 580 738 ἐκεῖνον
601 673 639 757 τῇ
659 674 726 756 iringi
746 669 907 759 παρουσίρι
928 673 973 746 εἰς
994 667 1085 754 ἔργον
1099 669 1135 734 τό
1158 673 1193 736 όν
1212 679 1318 756 χερσί,
1338 701 1410 756 προ-

322 773 464 857 σημάνας
484 774 645 854 προπετῶς
664 766 723 852 τήν
744 770 815 840 κατ’
835 769 939 834 αάτοῦ
965 772 1029 834 τοῖν
1041 765 1208 850 Ῥωμαίων
1229 765 1305 838 ὅσον
1326 774 1411 838 οάόὲ-

294 909 297 918 -
323 900 373 937 πω
394 875 577 952 εἰιόλευσιν,
600 868 656 932 καί
675 866 807 945 διδάξας
836 862 882 945 οἷς
904 859 1028 952 εἴρηκεν
1048 868 1252 952 ἀποσχέσθω
1271 875 1332 954 μὲν
1351 878 1431 944 τεόν5

322 973 457 1037 πεδινῶν
486 969 698 1051 ἐπιλαβέσθαι
734 970 771 1032 δὲ
799 969 863 1032 τῶν
889 967 1039 1052 ἀρεινοῖν,
1077 967 1121 1044 σός
1148 969 1275 1034 ἐκείνων
1301 971 1409 1050 σάζειν

222 1083 249 1138 Ρ.
262 1081 309 1131 331
323 1072 460 1152 ἑχόντων
480 1067 537 1132 καί
553 1069 591 1132 τό
610 1063 814 1131 σνναποστάν
832 1064 998 1152 ὁμόφωνον
1018 1067 1192 1150 σύνταγμα.
1233 1070 1263 1133 οἱ
1285 1071 1323 1136 ἀὲ
1343 1074 1409 1152 περὶ

321 1167 393 1244 τούς
411 1164 577 1251 γαμβρσός
595 1168 651 1229 τοῦ
669 1166 827 1247 βασιλέως
846 1164 903 1230 καί
920 1163 974 1228 τόν
995 1165 1260 1252 πρωτοστράτορο
1280 1173 1409 1233 Μανσο-

320 1268 362 1352 ήλ
383 1264 437 1334 τόν
462 1263 638 1347 Καμότζην
657 1267 791 1339 ε’διόνξαν
810 1267 870 1343 μὲν
901 1262 1004 1328 όπίσω
1028 1264 1222 1339 truncigeni
1243 1267 1393 1350 ‹inderet›
1400 1317 1408 1347 ,

322 1371 378 1432 καί
396 1360 435 1451 ἦν
453 1365 625 1446 θαυμαστή
645 1388 692 1439 τις
712 1364 731 1446 ή
757 1364 940 1448 προθομάι,
955 1362 1009 1426 καί
1022 1375 1296 1448 πρωταγωνιστεῖν
1318 1367 1444 1449 η’βοό-ιο

322 1473 414 1531 λαντο
436 1464 634 1543 ξύμπαντες·
674 1459 731 1544 τήν
749 1463 786 1524 δὲ
807 1462 866 1525 τοῦ
889 1465 1005 1547 καιροό
1025 1461 1129 1546 ῥοπήν
1150 1463 1361 1540 ἀπολέσαντες
1380 1465 1411 1528 ἐκ

322 1567 383 1628 rori
402 1565 637 1646 διασοβηθήναι
667 1560 703 1625 τό
729 1557 866 1644 θήραμα
899 1559 934 1624 τό
957 1557 1125 1644 πρόθυμον
1159 1559 1309 1644 ἔσχασεν.
1350 1571 1412 1640 τοῖς

321 1664 381 1742 μὲν
405 1652 460 1725 σόν
479 1662 688 1744 θερμοτέροις
708 1655 890 1722 ἐπιδιώκειν
910 1657 965 1723 καί
979 1653 1080 1734 οὕτως
1095 1656 1195 1725 ἐδόκει
1216 1662 1270 1724 καί
1288 1662 1413 1746 διερει-

321 1763 380 1826 νάν
400 1747 576 1845 ἐφέποντας
597 1753 633 1825 οἶ
650 1758 713 1824 τῶν
737 1752 836 1841 ἀρέων
856 1759 980 1842 ἀπέδρα
998 1759 1147 1842 Ἀλέξιος,
1169 1761 1279 1834 νοῖςδ
1302 1753 1413 1846 ἀσφα-

320 1863 480 1946 λεστέροις
501 1859 562 1940 οάχ
594 1855 728 1943 ἥνδανεν
760 1854 842 1932 όλως
863 1860 961 1922 ἀετοῦ
981 1856 1054 1942 ἴχνη
1076 1860 1235 1946 ἀνοδιφιῖν
1255 1861 1452 1928 manare-15

320 1964 420 2041 μόνον
450 1957 562 2042 πάγοις
593 1961 650 2023 καί
675 1948 798 2040 ὄρεσιν,
824 1951 846 2040 ἢ
877 1947 1035 2038 permiti
1054 1953 1216 2042 ἓρποσμόν
1235 1949 1344 2045 ὄφεως
1364 1961 1415 2022 ε’πί

324 2064 454 2142 πέτραν,
473 2053 497 2141 ἢ
518 2060 677 2139 όκμαίνειν
697 2059 742 2131 εἷς
764 2053 947 2138 συμπλοκήν
966 2054 1180 2138 χανλιόδοντα
1201 2056 1322 2140 μονιόν,
1343 2063 1412 2120 πολ-

297 2157 414 2230 Βλάκις
431 2154 467 2221 τό
492 2160 609 2241 στῆθος
628 2160 675 2231 εἰς
686 2154 878 2222 διακόντισιν
897 2155 1141 2238 προτεινόμενον
1148 2205 1159 2238 ,
1180 2162 1358 2240 περιελθεῖν
1379 2161 1411 2222 δὲ

324 2255 366 2325 τά
386 2255 534 2338 πολίχνια
555 2250 658 2319 ὁπόσα
676 2253 868 2318 ἐπεσκεύασε
888 2256 943 2318 καί
963 2249 1128 2338 ἀνήγειρεν
1150 2251 1342 2336 όἈλὲξιος,
1362 2254 1412 2320 καί

324 2358 444 2420 θέσθαι
463 2358 594 2434 βασιλεῖ
609 2351 760 2437 κατήκοα.
801 2355 858 2418 καί
875 2357 929 2436 τής
951 2355 1067 2436 βουλῆς
1087 2352 1203 2437 ταύτης
1225 2353 1269 2428 ιός
1289 2347 1452 2434 ‹iperio-20

324 2475 377 2526 νος
408 2450 626 2536 κυρωθείσης,
646 2453 690 2538 τῷ
716 2452 862 2537 φρουρίῳ
884 2449 1140 2532 προσβάλλουσιν
1161 2449 1177 2515 ὃ
1199 2455 1272 2517 καθ’
1291 2451 1410 2534 ἀπόβα-

325 2575 377 2616 σιν
398 2544 494 2634 όρους
511 2553 546 2615 ἐν
564 2547 649 2639 τόπερ
673 2551 842 2638 Κριτζιμρῖ
864 2556 1019 2640 λεγομένῳ
1034 2551 1208 2634 ε’·όομήσατο
1226 2549 1244 2615 ό
1263 2550 1406 2628 Ἀλέξιος·

326 2648 405 2720 ἔνθα
425 2645 481 2712 καί
499 2654 632 2714 πλεῖστα
646 2645 806 2731 Ῥωμαῖοι
826 2647 1055 2740 καμόντεςικαί
1075 2648 1302 2736 φιλοκινδύνως
1321 2651 1409 2732 άμιλ-

326 2748 495 2834 λησόμενοι
515 2747 573 2811 οάκ
603 2746 728 2832 όλίγοος
747 2741 867 2836 ἀνδρας
900 2747 1043 2833 ἀγαθοός
1061 2752 1096 2814 ἐν
1118 2753 1160 2836 τῷ
1180 2751 1349 2836 προσάγειν
1367 2751 1407 2836 τῷ

396 2970 422 3011 2.
442 2951 676 3028 προσεπίρρωσι]
696 2953 897 3025 interseruerit

347 3140 431 3192 aiatio
449 3138 667 3210 reperiebantur.
683 3139 731 3192 sed
748 3141 868 3202 nefarius
885 3139 970 3212 spado
989 3141 1024 3192 ed
1043 3158 1104 3192 eum
1124 3141 1261 3210 proiectus
1281 3157 1336 3190 non
1354 3157 1413 3190 nro·

326 3160 363 3262 δα
383 3210 454 3262 nihil
473 3209 546 3280 quoti
566 3209 601 3261 ad
630 3228 687 3260 rem
706 3212 857 3280 pertineret
874 3211 1007 3275 confecit,
1027 3211 1170 3264 sedilium
1191 3229 1238 3262 sua
1259 3211 1413 3280 praesentia

327 3291 359 3333 ut
379 3290 475 3350 coepta
494 3289 716 3350 Npersequeretur
737 3282 823 3348 magis
851 3283 1035 3345 confirmavit,
1061 3300 1120 3332 cunr
1151 3290 1252 3333 temere
1271 3281 1414 3334 esuriisset

327 3355 461 3403 Romanos
480 3353 620 3420 evestigio
634 3351 712 3403 ilium
731 3353 879 3414 invasuros,
899 3357 927 3404 et
944 3353 1095 3404 monuisset
1110 3359 1141 3403 ut
1156 3352 1353 3420 carnpestribus
1374 3369 1415 3402 re·

327 3423 399 3479 lictis
413 3423 528 3473 salutem
542 3439 618 3472 suam
640 3430 669 3474 et
687 3423 861 3492 popularium
880 3425 1016 3475 montanis
1038 3423 1103 3474 locis
1120 3424 1309 3474 committeret.
1330 3423 1415 3492 impe-

314 3495 424 3543 ratoris
440 3509 515 3557 vero¹
531 3494 640 3560 generi,
668 3499 696 3543 et
722 3493 903 3562 protostrator
922 3494 1033 3546 Manuel
1059 3493 1202 3562 Camyzes,
1224 3492 1366 3544 alacritate
1387 3501 1414 3543 et

325 3563 510 3613 aemulatione
538 3565 606 3614 mira
634 3562 795 3614 seditiosum
821 3566 958 3633 persecuti
985 3565 1063 3616 sunt:
1088 3563 1135 3616 sed
1154 3563 1359 3633 opportunitate
1379 3563 1413 3613 ob

324 3631 452 3700 praedam
476 3635 596 3700 {rigatam
628 3634 727 3686 amissa
745 3635 950 3687 contentionem
976 3637 1144 3686 remiserunt.
1168 3652 1199 3684 ac
1218 3633 1413 3685 fervidioribus

325 3701 370 3752 sic.
383 3705 466 3756 etiam
485 3704 614 3774 placebat
631 3707 761 3774 persequi
790 3713 818 3758 et
838 3705 866 3757 in
887 3706 1026 3757 montibus
1048 3722 1177 3776 quaerere
1197 3705 1331 3756 Alexium.
1350 3721 1413 3772 pru-

324 3773 462 3825 dentiores
480 3783 570 3825 autern
589 3774 663 3826 harad
681 3775 835 3827 consultum
856 3769 1118 3846 putabant'nquiiae
1131 3771 1244 3844 vestigia
1258 3783 1364 3826 montes
1387 3783 1414 3823 rt

324 3862 405 3911 rupes
431 3845 597 3915 pervolantis
619 3847 788 3910 consectari,
819 3856 867 3898 aut
887 3847 1026 3898 volumina
1045 3847 1178 3916 serpentis
1198 3847 1226 3896 in
1243 3861 1308 3896 saxo
1329 3859 1413 3913 quae-

324 3915 423 3976 ritare,
445 3925 493 3966 aut
510 3933 603 3982 aprum
624 3915 779 3978 dentatum,
811 3919 858 3986 qui
879 3914 973 3986 pectus
995 3935 1075 3987 saepe
1096 3917 1192 3968 iaculis
1212 3915 1358 3976 obtulerit,
1378 3913 1413 3963 ad

323 4003 441 4059 pugnam
470 3985 597 4047 irritare,
628 3986 677 4036 sed
698 3983 799 4056 oppida
819 3986 853 4038 ab
873 3989 968 4039 Alexio
988 3985 1139 4040 instaurata
1158 3996 1186 4038 et
1204 3987 1317 4038 condita
1337 4001 1412 4035 recu-

343 4055 444 4106 eranda
463 4071 529 4105 esse.
548 4071 603 4124 quo
623 4057 738 4107 consilio
758 4057 900 4127 praelato,
922 4058 1063 4110 castellum
1083 4057 1112 4109 in
1131 4058 1191 4108 loco
1214 4056 1260 4128 qui
1278 4055 1412 4106 Crizimus

322 4074 424 4180 ¹(iisitur
444 4122 479 4174 ab
497 4124 593 4174 Aieaio
612 4126 753 4179 conditum
772 4137 945 4200 oppuguant3
965 4127 1012 4179 ubi
1030 4130 1142 4180 Romani
1161 4123 1364 4198 promptissime
1385 4134 1411 4176 et
1500 4187 1501 4196 ρ

321 4195 469 4255 fortissime
494 4193 654 4251 dimicantes
682 4197 783 4253 multos
816 4199 888 4254 viros
926 4199 1027 4270 fortes,
1058 4215 1174 4270 quorum
1199 4198 1325 4268 princeps
1351 4203 1413 4248 erat
1500 4197 1501 4216 ³
