3017 4892
349 302 532 370 isaacius
562 302 750 367 suanus
770 305 822 366 ετ
850 304 1020 370 simius
1051 309 1086 369 s.
1176 276 1259 390 735
1359 347 1362 356 .

171 457 375 541 βουλομένοις
401 452 601 537 προόβαλλον
634 455 680 531 εἰς
699 454 889 540 πρατήριον,
911 450 1037 532 ἑαυτοῖς
1055 443 1115 538 μέν
1135 454 1170 523 τό
1194 458 1265 520 riss-

175 562 344 643 πέγιιληταν
371 552 659 641 ἐπιμαρτυρόμενοι
693 549 748 645 (ad
782 554 844 639 γάρ
868 553 1002 639 ἠγνόουν
1023 552 1139 621 ὁπόθεν
1157 560 1265 622 συνεί-

172 663 263 722 λεκτο
284 657 324 721 τά
359 676 454 741 σφισι
472 653 692 739 βραβευόμενον
718 652 888 744 χρήματα)
920 655 964 731 ὥς
990 652 1030 721 τά
1061 654 1263 743 ιδφειλημένα

172 755 395 841 λαμβάνουσι,
416 762 483 832 τοῖς
502 758 539 822 δὲ
555 752 730 837 Ῥωμαίοις
750 755 809 839 τὴν
830 752 955 836 drasidas
974 756 1185 838 ἐπιχαλῶντες
1206 757 1262 845 δρ..

143 856 230 943 Syria
251 853 294 933 ιός
315 858 501 943 περιέπουσι
520 858 580 938 μὲν
601 852 642 919 τά
666 856 766 925 οἰκεῖα
784 857 923 921 κοινοδσι
948 858 984 921 δὲ
1002 852 1044 919 τά
1065 858 1159 921 densi.

255 962 287 1022 3.
329 959 459 1041 Δεῆσαν
483 958 519 1021 δὲ
548 954 607 1019 sais
637 958 701 1019 τῶν
722 957 906 1020 Λατινικαῖν
927 955 1093 1037 δυνάμεων
1110 954 1294 1041 σόναρσινῐ)

169 1050 331 1143 εὕρασθαι
350 1054 406 1123 τόν
431 1054 574 1135 Ἀλέξιον
604 1052 636 1140 (ὁ
653 1052 716 1140 γάρ
742 1058 837 1136 θεῖος
851 1053 938 1145 crispi
965 1054 1023 1120 καί
1040 1053 1151 1141 πρώην
1168 1040 1271 1136 dnos-¹

169 1156 271 1225 λεόιον
286 1152 435 1238 Ἀλέξιος
457 1153 643 1232 άπαναστάς
671 1154 732 1221 τοῦ
754 1156 913 1238 Δεβελτοῦ
934 1154 993 1239 τήν
1010 1154 1186 1240 Ἀδριανοῦ
1204 1180 1262 1219 να-

168 1257 301 1341 τέλαβε,
332 1260 389 1323 καί
417 1250 457 1343 ἢν
484 1255 639 1321 ἀπείπατο
660 1257 846 1336 βασιλείαν,
870 1253 1022 1339 ἐρασταῖς
1040 1253 1262 1338 νιατοπροδοός

122 1360 336 1440 εοέκμανέοιν
361 1359 439 1442 έριῖν
465 1378 501 1422 τε
530 1353 627 1421 πόλιν
654 1354 711 1419 ιιαέ
738 1355 854 1438 πειράν
887 1346 946 1417 odis
975 1350 1166 1441 ᾐσχύνετο),
1201 1356 1260 1418 ads

167 1450 270 1535 άλλως
289 1458 487 1541 ουνέιιδημον
507 1455 594 1546 αὐτῷ
613 1455 670 1520 καί
692 1450 909 1539 συστράτηγον
926 1454 982 1519 τόν
998 1456 1170 1540 μαριιέσιον
1189 1454 1260 1518 ἕπε-

167 1558 309 1625 σπάοατο
329 1554 546 1643 Βονιφάτιον,
574 1557 605 1621 εἰ
622 1552 667 1641 μη“
697 1557 837 1639 χρυσίου
859 1555 937 1619 δέκα
958 1552 1040 1639 πρός
1058 1561 1124 1630 τοῖς
1143 1556 1178 1633 ἓξ
1200 1578 1259 1618 κα·

116 1727 119 1735 ,
165 1660 325 1724 sabinius
349 1654 380 1721 οἱ
400 1660 569 1722 συνέθεντο
590 1652 784 1740 κεντηνάρια.
806 1652 900 1734 έξιιόν
918 1655 1023 1719 τοίνυν
1041 1652 1171 1740 φυγάδα
1191 1652 1260 1719 δεί·

166 1782 257 1823 ιινυσι
278 1754 335 1822 τόν
352 1756 490 1833 Ἀλέξιον
512 1756 805 1844 συισονιοτέριρτοῦ
822 1756 977 1838 προτέρου
998 1753 1054 1819 καί
1071 1756 1176 1840 πολλῷ
1192 1778 1259 1834 μα.

121 1858 303 1943 ιὸιιροτὲρηι
322 1852 524 1939 χρησόμενον
545 1854 792 1939 δραπετεόματι.
832 1856 943 1936 α’μέλει
963 1851 1020 1918 καί
1036 1850 1093 1928 τάς
1117 1855 1258 1942 Θρρκιας
1353 1846 1361 1856 ’

166 1954 272 2029 πόλεις
290 1954 473 2035 περιελθών,
495 1954 551 2017 καί
569 1952 691 2028 ταότας
711 1950 1001 2036 καταστησάμενος,
1024 1955 1126 2018 εἰπεῖν
1148 1954 1186 2017 δέ
1202 1954 1258 2017 καὶ

166 2048 426 2136 ααλαμηοάμενος
457 2050 491 2137 (ό
512 2049 573 2137 γάρ
594 2053 792 2136 συνέκδημος
820 2052 928 2139 ἐκεινῳ
947 2048 1085 2137 στρατός
1104 2049 1354 2136 συχνάκιςρ,3ςρ

166 2152 304 2237 ω’ρεατιά
325 2154 387 2217 τάν
405 2154 670 2239 χρυσορρείδρυν
685 2150 868 2236 ἀρύεσθαι,
888 2149 946 2215 καί
963 2148 1043 2216 κατά
1062 2144 1142 2229 τοὺς
1156 2150 1255 2231 διψά-

164 2276 199 2318 σι
221 2252 397 2335 δηχθέντος
424 2254 523 2317 πίνων
557 2246 615 2337 οόιι
645 2254 844 2339 έκορέννυτο)
875 2254 931 2316 ιιαί
956 2252 1053 2335 μέχρι
1075 2248 1256 2333 Κυψέλλαν
1267 2266 1359 2343 '¹⁴9⁵

117 2349 298 2433 αοκατιάν,
327 2352 468 2418 ἐπάνεισι
495 2350 658 2427 πόλινείς
688 2348 728 2415 τά
749 2353 917 2433 βασιλεια,
937 2343 1023 2426 ἅπας
1046 2351 1102 2435 τῆς
1122 2351 1260 2436 φατρίας

164 2452 367 2537 ἐξηρτημένος
397 2452 429 2517 οἳ
453 2450 510 2537 τὴν
529 2452 586 2517 τοῦ
615 2447 735 2537 πατρὸς
756 2452 899 2535 πήρωσιν
920 2450 978 2516 sai
995 2448 1052 2535 την
1070 2452 1106 2515 ένι
1124 2453 1180 2535 τῆς
1199 2442 1259 2537 cip·

237 2644 277 2682 ιο.
298 2624 449 2701 ᾐσχύνετο]
470 2626 604 2697 η’νίσχετο
625 2630 656 2679 Α.
709 2627 748 2696 ιη.
768 2626 981 2698 συντονώτερον
998 2635 1028 2681 et
1035 2629 1216 2700 μακρότερον
1225 2628 1258 2683 Δ.

237 2702 277 2753 16.
298 2698 401 2772 εἰπεῖν]
422 2696 559 2769 »ipatius
570 2701 664 2753 εἰπεῖν
673 2698 897 2771 ἀπογυμνώσας·
911 2697 998 2769 όγάρ
1017 2698 1137 2773 στρατός
1155 2700 1171 2752 ά
1184 2701 1258 2752 ἐκεί·

232 2788 274 2827 νον
301 2769 471 2824 cincinnatis
496 2767 567 2823 κατὰ
589 2768 663 2823 naid
693 2769 814 2839 αι’ρίγετο
843 2770 899 2824 τοῦ
923 2770 1037 2839 χρυσοῦ
1066 2773 1116 2823 καί
1134 2770 1284 2840 τροίγειν·

233 2842 284 2893 ιιαλ
300 2845 416 2895 πίνειν·
452 2840 489 2899 sic
510 2834 568 2912 γάρ
593 2842 624 2893 ct
646 2845 822 2908 πυρενιτινιολ
851 2839 991 2896 οὐδέποτε
1013 2840 1062 2907 τῆς
1090 2838 1176 2907 δίψης
1205 2856 1256 2893 sa·

232 2918 383 2984 ρίννυνταν
393 2950 404 2978 ,
423 2910 497 2966 οὕτω
516 2916 566 2965 sai
585 2900 723 2967 asiscati.

160 3084 230 3136 citus
256 3096 350 3137 aurum
375 3092 403 3135 et
421 3092 578 3153 argentum,
608 3083 684 3154 quod
702 3083 740 3135 ita
759 3081 962 3153 praebebatur,
979 3081 1014 3133 ad
1035 3098 1113 3134 usum
1131 3083 1253 3151 corporis

160 3162 192 3206 nt
209 3152 348 3224 profanam
364 3158 505 3206 materiam
522 3154 704 3207 transferebat
726 3162 754 3205 et
771 3153 882 3223 publice
899 3152 1044 3215 vendebat,
1065 3170 1097 3203 ac
1112 3169 1141 3203 ss
1161 3154 1254 3204 crimi-

159 3224 204 3277 nis
221 3222 376 3277 absolutum
395 3227 457 3295 (nec
475 3226 547 3277 enim
566 3224 710 3293 ignorabat
727 3224 801 3276 riade
815 3232 908 3277 essent
924 3241 995 3295 quae
1013 3222 1160 3289 dabantur)
1175 3225 1252 3292 quod

159 3295 296 3363 acciperet
313 3296 454 3359 debiturn,
472 3296 599 3347 Romanis
623 3312 688 3347 vero
707 3296 775 3345 iram
794 3294 839 3346 dei
857 3295 1016 3365 impendere
1035 3292 1251 3360 vaticinabatur,

160 3364 236 3436 quod
254 3382 309 3417 rem
326 3368 456 3436 priv'atam
470 3374 679 3429 conservarent,
707 3383 807 3417 sacram
824 3382 889 3418 vero
907 3366 1091 3435 profanarent

230 3426 255 3490 i·
291 3434 358 3487 Cum
379 3447 469 3490 autem
494 3438 607 3488 Latinae
631 3436 727 3506 copiae
751 3436 848 3488 Alexio
873 3437 999 3487 arrxiiiari
1021 3436 1157 3487 deberent
1176 3433 1250 3507 (nam

159 3512 272 3577 patruus
302 3507 360 3559 eius
388 3518 416 3561 et
441 3506 545 3559 dudum
562 3508 710 3575 imperator
727 3507 840 3560 Alexius
858 3506 977 3559 Debeito
1000 3507 1097 3559 relicto
1114 3506 1252 3559 Adrianu-

158 3576 244 3647 poiim
270 3586 431 3649 occrrparat,
457 3586 485 3631 et
510 3578 655 3649 imperium
675 3578 751 3648 quod
768 3577 943 3648 repudiarat,
964 3578 1065 3629 insanis
1083 3578 1249 3633 amatoribus

158 3648 359 3711 condonatum,
381 3656 505 3721 repetere
527 3657 555 3702 et
572 3650 700 3718 ampiecti
719 3666 775 3701 non
791 3648 962 3717 verebatur),
987 3648 1155 3701 Boniiacium
1174 3666 1251 3701 mar-

158 3718 285 3771 chionem
307 3721 386 3772 aliter
408 3736 500 3773 secum
522 3720 658 3773 attrahere
679 3721 714 3772 ad
737 3720 807 3771 belii
829 3720 988 3773 societatem
1009 3738 1065 3772 non
1083 3720 1176 3789 potuit
1192 3722 1249 3772 nisi

158 3791 217 3841 auri
235 3792 404 3843 centenarios
422 3792 484 3843 XVI
504 3792 679 3860 promisisset
696 3808 791 3843 verum
810 3806 930 3859 egressus
951 3793 1076 3844 Alesiam
1093 3793 1170 3861 fragat
1186 3792 1250 3843 ion·

158 3878 191 3929 ge
208 3861 324 3913 celerius
354 3870 383 3915 et
412 3864 590 3932 longinquius
617 3880 697 3933 quam
720 3862 810 3932 prius3
838 3870 868 3914 ct
885 3862 1015 3915 Thracias
1039 3864 1122 3915 urbes
1147 3863 1248 3931 passim

158 3933 312 4001 componit,
338 3948 374 3985 ns
398 3934 486 3985 dicam
512 3932 644 4003 deglubit.
672 3934 803 4002 namqui
827 3949 888 3983 eurn
907 3934 1074 4004 sequebatur
1092 3934 1247 3994 exercitus,

157 4004 313 4071 saepissime
332 4020 365 4055 ex
382 4022 464 4057 aureo
484 4004 596 4057 flumine
624 4004 732 4057 haurire
751 4004 881 4072 cupiebat
898 4007 984 4057 veluti
1007 4005 1091 4057 morsi
1115 4022 1131 4053 a
1155 4003 1250 4071 dipsa-

158 4074 237 4126 dibus
257 4074 419 4143 inexplebili
438 4078 485 4128 siti
502 4076 607 4127 ardeus.
624 4092 712 4145 usqua
729 4075 763 4127 ad
783 4076 907 4145 Cypseiia
924 4092 1081 4147 progressus
1099 4075 1127 4125 in
1148 4073 1248 4142 palati·

157 4162 202 4196 um
222 4148 381 4207 reuertitur,
407 4155 485 4211 tatus
505 4164 599 4199 eorum
628 4147 740 4198 factioni
761 4146 890 4210 deditus,
909 4148 958 4217 qui
975 4148 1063 4217 patris
1084 4144 1249 4196 excaecandi

158 4224 186 4269 et
203 4218 342 4271 evertendi
356 4218 452 4271 Alexio
470 4227 569 4291 patruo
587 4218 725 4273 adiutores
743 4218 860 4273 fueraut.
882 4218 958 4290 quod
975 4236 1037 4272 cusa
1054 4216 1173 4270 isaacius
1190 4216 1248 4269 ier-

681 4300 689 4329 i
