3017 4892
501 275 718 388 'ronanam
749 324 977 394 conuersus.
1216 305 1273 391 63

191 471 251 548 πός
268 473 328 536 τοι)Ι
358 475 543 538 καταλιπεῖν
573 473 608 538 έν
641 481 706 548 τοῖς
738 471 846 540 ἔπειτα
870 479 1015 563 μέγιστον
1034 476 1153 548 tameo
1173 472 1274 566 όνομα

189 571 231 635 τά
253 569 353 638 πάντα
386 566 567 652 τιμώμενος
586 561 634 656 ἧν.
683 575 888 641 τοσοῦτονδὲ
909 575 964 642 καί
986 581 1043 662 τῆς
1064 580 1130 646 ταῖν
1151 580 1273 648 οἰκετων

190 663 428 754 εόσχημοσόνης
452 667 510 733 καί
536 671 595 733 τοῦ
621 665 792 756 αἰδημονος
820 675 940 759 τρόπον
966 675 1123 761 όξείχετο,
1157 675 1201 757 οἷς
1215 685 1272 748 stas*

189 767 311 854 κουράν
330 763 594 852 περιεργάζεσθαι
613 769 723 853 τριχός
736 769 792 834 καί
810 769 844 837 τό
866 775 924 837 τοῦ
941 772 1034 850 ποδός
1054 775 1163 854 σκότος
1181 804 1269 865 περι·

159 873 325 951 ὄαθρεῑν,
350 870 382 931 εί
404 863 486 930 κατά
510 864 674 949 λόγονκαὶ
696 866 775 954 πρός
794 867 829 934 τό
850 875 909 935 τοῦ
928 871 1142 956 όποδοαμένσο
1162 881 1269 963 σχῆμα

187 966 381 1050 όπέρραπτο.
430 965 617 1049 ἀργολογίαν
653 968 688 1030 δὲ
708 972 764 1032 καί
795 975 1004 1055 σαπρσλογίαν
1021 970 1077 1056 τὴν
1093 974 1147 1040 ἐπί
1164 979 1268 1062 κοινῆς

185 1063 370 1148 ἀκροάσεως
396 1063 452 1129 κατ’
479 1061 515 1128 τό
537 1065 571 1128 δν
600 1061 780 1148 ἱματισμοῖς
807 1065 863 1133 καί
883 1070 1020 1147 διαίταις
1047 1063 1183 1154 ἀσωτον,
1207 1069 1267 1141 ὅσα

185 1161 243 1226 καί
259 1162 363 1247 λύμην
387 1160 456 1228 τινά
476 1163 672 1248 βιοφθόρον,
702 1167 765 1228 ταῖν
784 1166 965 1253 ἀνακτόρων
983 1169 1192 1257 ἀπεσάρονσε,
1212 1177 1268 1239 κατ’
1349 1177 1356 1192 “

183 1259 241 1325 τόν
253 1263 393 1346 ἐμβριθῆ
405 1263 645 1346 χαρακτηρίζων
662 1263 889 1350 σωφρονιστήν,
911 1267 967 1333 κατ’
988 1268 1129 1353 μιμητάς
1148 1266 1267 1336 ἑαυτοῦ

140 1359 260 1434 munic
280 1358 342 1424 όπό
356 1369 452 1443 χεῖρα
467 1354 549 1426 εἶναι
570 1358 766 1444 γλιχόμενος,
785 1368 889 1429 πᾶσαν
909 1360 1020 1452 ἀρετῆς
1040 1370 1129 1433 ι’δέαν
1148 1367 1265 1451 μετιάν

183 1458 244 1522 osia
266 1457 359 1524 ἀνίει.
381 1459 420 1523 οδ
435 1457 499 1543 μην
521 1457 623 1524 ταῦτά
643 1483 678 1542 γε
697 1459 843 1544 πράττων
859 1465 1000 1550 χαρίτων
1021 1467 1190 1551 ἀπείχετο,
1211 1472 1266 1536 κατ’
1270 1487 1297 1542 Ρ.
1309 1491 1350 1548 δι’

182 1555 421 1642 δοσξόμβλητος
441 1551 482 1641 ἢν
504 1557 559 1622 καί
581 1555 792 1643 δυσπρόσιτος
812 1562 867 1626 καί
883 1562 1013 1646 στογνός
1032 1563 1087 1650 τὴν
1112 1557 1189 1647 ὄψιν
1207 1568 1264 1635 aas*

178 1655 340 1743 συννεφὴς
361 1655 418 1740 τὴν
438 1655 544 1743 ἀφρόν
563 1660 619 1720 καί
639 1659 695 1722 ἀεί
710 1683 776 1734 πως
795 1658 1052 1744 δποσκοζόμενος.
1094 1661 1211 1731 ἔαυτόν
1231 1670 1261 1731 δ

179 1759 216 1820 ἒν
228 1757 272 1844 τῷ
285 1755 429 1844 προδήλῳ
439 1753 543 1840 πάσης
557 1753 697 1840 πράξεως
709 1759 837 1843 ἀριστης
851 1761 967 1826 πίνακα
983 1767 1155 1847 προτιβείς,
1176 1758 1262 1848 άγων

135 1854 303 1939 ιὸσχολὴν
329 1859 392 1918 ταῖν
422 1853 534 1936 έκτός,
563 1852 619 1918 καί
643 1855 677 1918 τό
712 1861 923 1941 περιοριῖσβαι
945 1858 1008 1924 sind
1029 1861 1183 1928 πλεόντων
1203 1860 1262 1930 boo

177 1957 237 2019 καί
257 1953 390 2018 κώδωνα
410 1952 554 2038 φλύαρον
579 1955 634 2016 καί
653 1951 746 2018 λάλον
761 1955 1020 2040 ἀποτρεπόμενος,
1038 1959 1092 2024 καί
1109 1977 1263 2043 κομψειαν

177 2051 299 2138 σεμνὴν
327 2053 502 2140 εἰσιρκίςετο
529 2051 585 2116 κατ’
618 2051 672 2117 τόν
695 2054 886 2137 εὐτράπελον
905 2057 943 2119 osi
960 2058 1167 2143 παρέτρεχον,
1191 2063 1261 2127 οὐδ’

176 2155 305 2235 ἀπεῖχεν
325 2153 441 2217 ἐπίπαν
459 2154 516 2214 καί
534 2143 611 2235 ἦγχε
632 2150 685 2216 τόν
697 2147 838 2235 γέλωτα.
853 2152 943 2237 όλίγα
956 2147 1014 2218 οὖν
1032 2159 1092 2222 τοδ
1110 2160 1143 2234 ές
1162 2153 1260 2246 ἀκρον

177 2251 378 2337 ἀποσφαλείς
408 2252 578 2334 ἐγκρατοῦς
596 2273 631 2314 τε
662 2251 717 2314 καί
738 2248 922 2336 ἀσφαλοῦς,
953 2253 1008 2318 καί
1023 2258 1087 2320 τοόν
1108 2254 1187 2342 πρός
1207 2263 1286 2334 ε’ν-ςς

130 2353 252 2435 τοτελῆ
273 2353 437 2434 ἀκρίβειαν
456 2347 580 2432 βραχέα
602 2345 788 2430 διεκπεσοόν,
810 2352 865 2416 καί
879 2354 999 2436 μηδένα
1019 2350 1073 2420 διά
1094 2357 1258 2444 ξυμπάσης

176 2450 268 2535 αὐτῷ
292 2453 347 2532 τῆς
375 2449 475 2533 ἀρχῆς
505 2442 527 2531 ἢ
557 2450 665 2531 ψυχῆς
686 2448 843 2532 στερήσας
864 2445 887 2533 ἢ
906 2453 939 2526 ές
959 2449 995 2515 τό
1016 2456 1109 2535 σῶμα
1128 2453 1259 2521 όσονοῦν

175 2550 410 2632 λυμηνάμενος,
440 2544 598 2622 ἐπαινετὸς
625 2549 657 2623 ές
680 2549 774 2632 δεῦρο
801 2546 889 2633 παρά
911 2552 990 2614 πᾶσι
1010 2549 1185 2636 λελόγισται
1204 2558 1261 2620 κατ’

175 2645 309 2732 κορωνὶς
329 2645 371 2722 τός
395 2648 493 2710 εἰπεῖν
516 2646 579 2710 τῶν
600 2637 669 2710 όσοι
685 2641 851 2726 Ῥωμαίων
872 2649 907 2714 έκ
925 2637 985 2714 rosi
1001 2651 1064 2718 τοόν
1083 2655 1259 2740 Κομνηναῖν

253 2809 274 2843 ι.
294 2791 346 2842 τοῦ
364 2787 541 2858 καταλιπεῖν]
558 2783 590 2839 τό
610 2804 670 2841 τιατ.
686 2819 722 2828 -
739 2785 831 2859 ὄνομα
844 2791 896 2845 τοῦ
918 2791 1027 2852 παντός
1043 2810 1104 2866 τιμ.
1124 2793 1257 2862 wolfius,

249 2860 324 2915 nibil
340 2858 457 2913 taletas
475 2857 627 2931 antiquius.
695 2858 786 2929 ἐαυτῷ
803 2860 834 2912 A.

176 3004 250 3056 xima
269 3018 285 3054 e
312 3001 496 3055 fundamentis
520 3008 649 3054 extructa.
674 2999 722 3052 aed
741 3009 770 3053 et
787 3003 905 3070 glories,
933 3011 1042 3072 praeter
1058 3004 1127 3058 alios
1146 3024 1253 3073 omnes,

178 3073 416 3144 appetentissimus
436 3072 503 3136 fuit,
520 3073 549 3123 in
567 3087 600 3122 eo
617 3087 720 3140 ponens
740 3073 838 3136 omnis,
855 3082 886 3126 nt
902 3075 1047 3127 maximnm
1065 3091 1164 3128 nomen
1183 3079 1257 3147 apud

176 3153 301 3215 posteros
319 3145 493 3213 relinqueret.
514 3141 676 3194 domesticas
706 3140 865 3212 tlisciplinae
892 3151 936 3230 ιη
944 3144 1036 3198 decori
1060 3153 1115 3197 tam
1140 3145 1256 3216 diligens

178 3215 350 3278 observator,
378 3223 410 3266 ut
433 3220 463 3265 et
479 3213 509 3263 in
525 3211 672 3264 tondendis
701 3213 807 3282 capillis
825 3222 853 3265 et
872 3213 958 3266 forma
976 3215 1127 3268 calceorum
1143 3233 1256 3289 propor-

177 3286 281 3337 tionem
300 3284 459 3354 requireret
487 3282 579 3334 inania
600 3291 628 3334 et
648 3280 782 3334 obscoena
798 3284 881 3336 verba
898 3301 914 3334 a
931 3285 1049 3353 publicis
1062 3287 1255 3354 conventibus,

179 3363 207 3408 et
224 3356 318 3406 luxum
333 3356 451 3408 vestium
464 3369 495 3404 sc
509 3369 661 3405 mensarum
680 3361 808 3423 tanquam
826 3355 1006 3423 corruptelam
1017 3361 1046 3406 et
1061 3355 1132 3408 vitas
1152 3365 1256 3426 pestem

178 3442 194 3475 a
211 3427 314 3495 palatio
333 3425 450 3494 pepulit.
468 3431 583 3492 ordoque
601 3423 751 3494 exemplum
771 3424 932 3493 disciplinas
949 3431 1035 3476 semet
1051 3424 1138 3494 ipsum
1154 3430 1255 3497 gravis-

176 3497 273 3548 simum
297 3502 479 3566 proponeret,
504 3502 586 3564 atque
615 3509 707 3546 omnes
737 3495 885 3546 familiares
914 3494 1062 3548 imitatores
1088 3499 1130 3549 sui
1149 3499 1255 3553 efficere

175 3566 314 3630 studeret,
338 3581 417 3617 omne
442 3565 549 3616 virtutis
569 3580 652 3634 genus
673 3563 762 3616 colere
782 3580 838 3616 non
863 3562 977 3617 destitit
994 3582 1086 3636 neque
1101 3577 1194 3622 tamen
1210 3571 1254 3625 in-

174 3639 255 3689 terim
274 3654 290 3688 a
308 3637 409 3689 Gratiis
429 3635 533 3686 alienus
555 3635 624 3696 fuit,
645 3635 782 3704 usquein
800 3633 876 3686 aditu
899 3643 946 3687 ant
962 3651 1104 3706 congressu
1121 3657 1200 3709 asper
1211 3649 1254 3694 ts-

175 3709 257 3760 tritos
285 3707 478 3776 superciliosus
509 3713 556 3756 aut
581 3705 758 3756 inhumanus:
776 3704 824 3756 sed
849 3722 909 3758 enm
928 3707 958 3757 in
977 3707 1087 3777 publico
1115 3711 1253 3765 actionum

173 3779 335 3846 optimarum
356 3776 494 3844 exemplar
513 3791 540 3828 se
558 3776 709 3845 praeberet,
727 3777 871 3843 perotinm
892 3793 908 3826 a
925 3778 1077 3847 republica
1094 3790 1253 3850 remotaque

171 3848 269 3912 turba,
289 3865 369 3918 quam
389 3857 519 3966 transpuam
535 3853 690 3916 tympanum
716 3845 903 3916 obstreperent
922 3854 951 3899 et
967 3849 1103 3916 gutulum
1119 3851 1252 3917 cavebat,

171 3920 253 3970 etiam
273 3920 430 3970 comitatem
467 3924 587 3968 onestam
611 3915 791 3980 admittebat,
809 3925 837 3970 et
853 3917 888 3968 ab
905 3916 1060 3972 urbanitate
1077 3935 1134 3976 non
1151 3921 1252 3974 abbor-

171 3989 263 4053 rebat,
282 4005 373 4058 neque
393 3990 476 4040 risum
493 4003 601 4056 prorsus
619 3985 798 4057 opprimebat
815 3987 908 4058 itaque
924 4005 984 4040 oum
1000 4006 1097 4059 pamm
1114 4009 1129 4042 a
1148 4008 1251 4046 summa

170 4061 340 4113 continentia
367 4065 395 4109 et
418 4057 573 4126 integritate
601 4057 759 4121 recesserit,
789 4065 818 4109 et
831 4057 867 4110 ab
886 4059 1097 4129 exquisitissima
1113 4062 1186 4115 vilse
1207 4080 1250 4114 ra-

168 4129 244 4182 tione
268 4129 345 4184 baud
368 4128 483 4180 multum
507 4127 654 4190 aberrarit,
680 4143 730 4179 neo
755 4129 841 4180 totius
864 4129 972 4198 imperii
991 4138 1112 4200 tempore
1130 4135 1175 4185 rel
1193 4134 1249 4185 vita

167 4201 279 4272 priserit
306 4215 467 4273 quenquam
494 4198 537 4254 uel
563 4213 725 4270 quocunque
740 4195 823 4253 modo
842 4215 955 4271 corporo
974 4201 1113 4266 multarit,
1131 4203 1160 4256 in
1177 4202 1249 4256 bunc
