3017 4892
354 309 526 382 suerrus
555 309 760 380 usuuurs
789 311 971 382 oouuuu
1003 319 1038 382 τ.
1160 288 1245 380 3ι5

161 467 382 530 στασιοκοπεῖν
409 454 493 549 αῦτῇ
517 465 595 543 μεθ’
628 456 731 528 όπλων
768 464 899 530 ἐνδόντα
931 465 987 533 καί
1011 471 1243 554 νεωτεροποιεῖν

155 558 306 650 α’φρόνως
329 561 386 625 καί
412 559 594 644 ἀλογίστως.
640 558 723 645 τάχα
747 565 777 628 d'
797 556 840 628 όν
859 569 915 631 καί
932 569 991 631 τοῦ
1009 571 1246 652 πατριαρχικοῦ

153 658 275 748 θρόνου
305 659 425 741 α’τίμως
444 663 557 726 τοῦτον
585 663 798 745 κατέσπασεν,
819 660 907 750 εἴπερ
929 664 949 749 ἦ
972 665 1179 752 Καισόρισσα
1198 657 1261 753 μὴ’

154 760 356 846 ἀμφοτέραις
387 758 599 844 προσίστατο,
626 765 671 850 τῷ
699 765 761 843 μὲν
793 767 1046 854 πρωτοσεβαστςῦ
1070 762 1116 851 μὴ
1132 762 1272 850 χάρωνα

123 859 291 926 trasmae
321 857 378 924 τόν
409 857 609 944 πατριάρχην
636 870 826 944 καταγαγεῖν
845 865 903 929 καί
923 864 1160 949 α’ντεισαγαγεῖν
1178 867 1245 932 ἓτε-

155 983 234 1048 ρον,
258 955 355 1024 αότόν
377 959 412 1024 δὲ
440 955 494 1023 τόν
516 957 685 1042 ἱερώτατον
713 950 816 1045 άνόρα
852 963 1009 1044 ἐπιμελοῦς
1039 965 1246 1050 φρουροῦσα,

156 1057 273 1144 μήπως
292 1055 505 1143 ὑποχωρήσας
528 1054 641 1124 ἑαυτὸν
663 1063 723 1140 μὲν
743 1057 907 1150 ἀπαλλάξῃ
934 1059 1132 1148 πραγμάτων
1153 1065 1189 1130 ἐν
1203 1066 1247 1152 τῷ

157 1163 235 1225 καθ’
260 1155 398 1243 ἡσυχίαν
419 1158 476 1241 ζῆν
503 1159 550 1234 εἰς
569 1153 606 1242 ἣν
635 1154 816 1241 &dotcrinam
847 1158 950 1247 μονὴν
971 1159 1052 1228 κατά
1073 1159 1133 1246 τὴν
1151 1164 1246 1248 νῆσον

156 1255 214 1342 τὴν
239 1260 449 1339 retranseo»,
468 1249 568 1344 ἑαυτῇ
586 1258 621 1320 δὲ
645 1254 805 1334 ἀπωλείας
826 1249 1003 1344 dedicerat
1023 1261 1172 1346 πρόξενος
1192 1261 1247 1324 ου’·

111 1354 274 1432 reddedit
294 1355 353 1418 τοῦ
379 1353 458 1420 ναοῦ
483 1353 727 1441 όριιαγησομὲνῃ
759 1354 814 1420 καί
840 1359 1009 1446 πεισομίνρ
1028 1357 1068 1424 τά
1086 1358 1243 1442 χείριστα.

119 1509 122 1517 .
155 1450 228 1523 τότε
252 1456 289 1520 δὲ
308 1451 420 1536 καιρόν
439 1447 543 1540 εῦροόν
563 1455 607 1541 τοῦ
628 1456 724 1544 θυμῷ
750 1459 969 1541 χαρίσασθαι,
993 1461 1055 1524 τοῦν
1070 1457 1164 1544 ἱεροῦν
1184 1459 1243 1543 α’ρ-

155 1557 251 1639 χείωυ
282 1550 455 1618 ἀπελαύνει
481 1551 537 1619 τόν
557 1549 642 1618 ῦσιον
669 1556 725 1618 καί
742 1557 782 1641 τῇ
802 1559 861 1621 τοῦ
879 1555 1114 1645 Παυτςπόπτου
1134 1580 1242 1642 περιο-

155 1653 237 1740 ριζει
256 1653 348 1741 μονῇ.
389 1653 537 1726 πλείστας
556 1674 591 1735 γε
609 1649 674 1738 μίν
695 1651 791 1729 όόοός
812 1653 912 1734 τεμών
928 1654 985 1720 καί
1005 1654 1132 1732 πολλοῖς
1151 1657 1240 1722 α’ντι-

155 1754 314 1827 παλαίσας
347 1752 500 1834 ἐννοίαις,
525 1754 580 1817 καί
606 1759 671 1828 τοῖς
705 1751 778 1818 τότε
800 1753 1021 1838 πονηροτάτοις
1046 1757 1108 1822 τῶν
1134 1754 1170 1820 εἰι
1184 1758 1241 1840 τῆς

112 1849 331 1936 ιῦσυγκλήτου
364 1853 482 1934 βουλῆς
512 1851 753 1934 συγγενόμενος,
785 1856 842 1918 καί
861 1851 972 1919 ὁπόσοι
993 1858 1058 1920 acia
1076 1842 1239 1941 ε’ντρόφων

155 1952 211 2016 τοῦ
229 1947 370 2036 βήματος
396 1949 477 2032 μήτε
497 1952 578 2013 θεοῦ
600 1942 673 2014 ὄπιν
692 1948 774 2035 μήτ’
793 1948 972 2034 α’νθριόπων
993 1953 1170 2039 ῦφωριῦντο
1190 1953 1272 2022 adl)

153 2071 245 2132 μεσιυ
264 2049 457 2132 συμβούλοις
475 2045 684 2135 χρησάμενος,
706 2044 791 2124 όπως
813 2047 1019 2134 εὐσχημόνως
1038 2049 1055 2115 ό
1076 2049 1163 2137 ἱερός
1185 2044 1242 2117 οῦ-

154 2173 208 2227 τος
227 2153 284 2214 καί
299 2145 513 2234 εόπροσάπως
534 2149 731 2233 α’ποβληθείη
750 2143 846 2234 ἇνὴρ,
868 2151 925 2214 orie
945 2147 1037 2237 ἔσχεν
1057 2139 1242 2235 όπιτελῆτά

155 2249 236 2316 κατὰ
256 2249 373 2314 σκοπόν
393 2246 449 2314 καί
466 2247 520 2313 ost
543 2245 580 2311 τό
601 2250 788 2335 καθαιρέσει
813 2249 873 2330 μὲν
891 2242 1027 2332 εῦλόγως
1047 2251 1117 2314 ου’ό’
1137 2247 1242 2316 ότιοῦν

106 2343 276 2432 νοῦπάγον
305 2349 340 2413 ἐν
375 2339 464 2436 odaei
486 2344 693 2432 εόρίσκεσθαι
704 2397 715 2430 ,
746 2343 827 2413 dett
848 2345 887 2432 dq'
908 2347 966 2413 καί
983 2346 1020 2413 τό
1039 2346 1097 2434 τήν
1116 2351 1242 2414 όὲσποι·

153 2471 211 2513 ναν
232 2446 288 2514 καί
315 2445 389 2525 τοῦς
419 2449 546 2522 πλείους
574 2445 692 2529 σχεδόν
725 2442 748 2532 ἢ
769 2444 843 2523 τοῦς
869 2443 1013 2524 ἅπαντας
1039 2451 1103 2512 τῶν
1125 2451 1161 2516 ἐκ
1181 2450 1240 2513 τοῦ

152 2545 318 2628 βασιλείου
350 2545 480 2628 αἳματος
505 2543 764 2628 ὑπερβαλλόντως
791 2545 847 2614 τόν
874 2538 976 2633 ἄνδρα
1002 2549 1106 2628 τιμᾶν.
1155 2541 1240 2615 ἄκων

153 2638 212 2710 οῦν
232 2642 251 2709 ό
272 2643 396 2720 σκολιός
424 2639 497 2732 ῦφις
516 2645 578 2710 τῶν
598 2641 726 2726 ἑλίξεων
747 2643 904 2730 οἶποστάς,
924 2645 982 2713 καί
997 2645 1053 2712 τόν
1072 2646 1122 2714 tta
1142 2643 1240 2725 αὖθις
1328 2714 1334 2730 Ι

154 2741 357 2822 κατεσπακώς
377 2741 414 2810 όν
441 2746 629 2829 ἐμημεκέναι
650 2743 729 2812 κατοὶ
747 2749 807 2813 τοῦ
829 2745 921 2831 όγιόυ
941 2739 1071 2836 [αὖθις]
1092 2768 1239 2833 προητοι-

226 2929 247 2966 r.
265 2919 491 2968 οτασιοοιιοπεῖν
514 2912 630 2968 codices.
734 2916 760 2970 3.
778 2913 823 2967 dr.
840 2911 954 2987 τοῦτον]
973 2917 1127 2980 τηνικαῦτα
1144 2913 1188 2967 dr.
1207 2916 1238 2968 Δ.

219 2983 259 3057 μή
278 2988 380 3053 χερσὶν
397 2985 472 3055 cipp.
493 2985 524 3036 Δ.
640 2986 666 3040 5.
683 2985 869 3058 καταγαγεῖν]
889 2991 1071 3054 κατενεγκεῖν
1087 2987 1119 3038 Δ.
1214 3004 1240 3056 9.

222 3053 395 3128 opitiorum}
416 3054 567 3125 γενήσεται
584 3055 614 3108 Δ.
684 3071 728 3110 ao.
745 3053 835 3130 αότῷ]
854 3056 946 3110 τούτω
964 3055 994 3107 t.
1094 3052 1129 3122 dri
1148 3072 1191 3142 om
1211 3057 1241 3108 rt

155 3211 268 3274 faverit,
294 3215 357 3262 ete
381 3209 484 3278 templo
512 3212 591 3280 quasi
619 3226 680 3264 arco
699 3209 818 3280 quadam
836 3211 969 3263 tumultus
987 3226 1049 3262 cum
1069 3210 1151 3261 armis
1169 3211 1243 3262 exci-

153 3281 231 3334 tandi
261 3288 290 3333 et
313 3280 391 3332 novis
416 3281 545 3334 studendi
572 3281 653 3334 rebus
679 3283 849 3334 occasionem
878 3281 1052 3351 impudenter
1081 3297 1113 3332 ac
1140 3288 1243 3335 temere

153 3351 345 3422 suppeditarit.
365 3352 479 3404 forsitan
506 3354 589 3404 etiam
605 3352 787 3422 patriarchico
813 3353 884 3405 solio
903 3361 960 3403 tum
982 3367 1043 3403 eum
1062 3351 1242 3416 detraxisset,

152 3423 208 3475 uisi
228 3423 381 3475 Caesarisse
402 3423 532 3476 manibus
559 3421 733 3493 pedibusque
762 3425 934 3485 obstitisset,
951 3438 1003 3473 nec
1021 3422 1046 3473 ei
1066 3429 1171 3474 tantum
1190 3423 1242 3476 otii

152 3495 332 3546 concessisset
354 3499 385 3544 ut
411 3491 475 3556 hoc¹
492 3493 646 3564 patriarcha
673 3494 753 3563 pulso
783 3494 870 3545 alium
898 3493 1090 3556 substitueret,
1108 3501 1138 3544 et
1153 3493 1242 3546 virum

152 3565 354 3617 sanctissimum
382 3561 590 3634 diligentissime
613 3562 798 3628 observasset,
819 3580 856 3616 ne
875 3580 891 3614 a
909 3563 997 3616 turbis
1023 3563 1193 3633 negotiorum
1210 3567 1241 3618 in

152 3635 240 3686 otium
260 3635 435 3698 monasterii,
454 3635 529 3705 quaed
543 3634 748 3687 inTerebintho
766 3635 856 3688 insula
875 3642 1019 3698 struxerat,
1040 3652 1069 3688 ee
1086 3636 1155 3686 ciam
1174 3635 1241 3688 sub-

152 3705 267 3758 duceret
291 3707 400 3776 ipsique
428 3724 507 3757 causa
530 3708 656 3760 interitus
685 3715 773 3771 esset,
792 3706 885 3759 statim
902 3723 918 3758 e
934 3706 1036 3775 templo
1061 3705 1240 3776 abripiendae

152 3786 182 3830 et
195 3777 352 3844 gravissimo
365 3779 499 3848 supplicio
514 3777 679 3830 afficiendae.
690 3785 754 3829 tunc
766 3786 857 3829 autem
866 3778 1097 3847 opportunitatem
1110 3777 1240 3848 explendi

151 3849 235 3899 animi
246 3855 351 3914 namus,
358 3848 445 3899 virum
456 3857 578 3901 sanctum
587 3866 662 3900 sacro
670 3849 772 3918 palatio
781 3849 889 3918 pulsum
896 3850 926 3900 in
935 3849 1094 3919 Pautepopti
1103 3857 1240 3900 monaste-

152 3919 222 3970 rium
236 3919 348 3986 relegat,
360 3918 484 3989 plurimis
496 3920 546 3972 viis
563 3929 626 3972 aute
640 3921 751 3972 tentatis
769 3928 797 3971 et
807 3921 887 3972 variis
901 3919 1053 3972 rationibus
1069 3920 1240 3988 excogitatis,

153 3989 415 4058 improbissimorum
427 3999 582 4043 senatorum
597 3999 625 4042 et
635 3990 805 4042 sacerdotum
817 3991 939 4043 consiliis
952 4009 1025 4055 usus,
1037 3993 1086 4060 qui
1095 4007 1147 4042 nec
1157 3989 1239 4042 deum

152 4077 203 4111 aec
215 4060 342 4112 homiues
352 4063 519 4126 metuebant,
534 4069 564 4114 ut
574 4060 602 4114 id
614 4055 717 4114 facinus
729 4061 843 4115 honesta
855 4064 946 4132 speeie
957 4063 1068 4114 fucaret
1079 4069 1238 4114 nontamen

152 4132 283 4184 successit
299 4134 451 4200 negotium,
471 4141 529 4185 tum
540 4132 614 4203 qaaod
629 4133 699 4185 nibil
710 4134 740 4184 in
754 4149 787 4183 eo
802 4133 1019 4203 comperiebatur
1034 4150 1083 4202 pro
1103 4140 1146 4183 ter
1163 4129 1238 4201 quod

152 4201 298 4272 pellendus
313 4211 392 4268 esset,
403 4211 460 4260 tum
472 4205 547 4276 quod
561 4204 668 4262 domins
680 4211 707 4260 et
719 4203 766 4258 aiii
775 4205 895 4276 plurimi,
907 4213 990 4276 atque
1000 4203 1068 4258 adeo
1077 4150 1134 4260 bre
1145 4217 1237 4257 ornnes
