3017 4892
259 335 343 447 716
553 360 728 426 ulcerea
756 362 991 426 cuouuuaa

255 516 405 590 Βενετίας
428 507 601 599 Δανδοδληι
616 510 713 593 δουκί,
738 511 783 586 οἷς
803 513 901 595 δήθεν
920 503 1059 586 παλαιὰς
1078 507 1240 593 συνθήκας
1260 509 1341 596 πρὸς

249 612 326 688 rode
335 615 370 677 ἐκ
382 616 490 696 γένους
506 611 611 699 ἐκείνην
624 609 915 695 παραβλεψάμενα·
937 609 955 674 δ
971 610 1007 674 δέ
1018 631 1053 691 γε
1066 613 1191 691 κρατῶν
1202 607 1341 689 Ῥαμαί-

253 737 299 778 ιον
318 713 455 788 Ἀλεξιος
475 709 510 773 δι
530 712 649 773 πολλοῦ
661 708 718 794 τήν
737 714 802 773 τῶν
809 708 960 775 Λατίνων
982 702 1201 788 ἕνωτιζόμενος
1221 714 1341 794 κίνησιν

252 809 333 896 πρὸς
355 802 448 872 oridia
467 833 499 871 τι
521 802 650 892 ἄμεινον
680 804 786 894 ἑαυτῷ
806 831 841 872 τε
862 813 917 872 καί
930 807 1108 890 Ῥωμαίοις
1130 809 1284 871 διέκειτο·
1303 806 1338 872 ια’

252 907 315 993 γδρ
337 905 483 992 περιττὸν
513 908 545 983 ἐς
575 912 735 989 μαλακίαν
763 905 833 990 ἴσην
855 904 923 990 ἔχει
946 931 1014 982 πως
1047 897 1102 971 καί
1118 905 1174 992 τήν
1191 908 1369 989 βλακείανὸ

253 1006 334 1091 πρὸς
357 1008 397 1072 τοὶ
428 1009 606 1092 καινιοφελή
632 1011 689 1071 καί
714 1003 755 1071 τοὶ
792 1009 915 1070 δέοντα.
968 1003 997 1069 οἱ
1018 1009 1055 1072 δὲ
1073 1011 1136 1072 τῶν
1157 1004 1342 1092 περιφύτσον

253 1107 337 1191 δραῖν
359 1102 497 1192 φύλακες
525 1105 682 1187 ἐκτομίαι,
712 1103 735 1168 δ
754 1113 820 1179 τοῖς
838 1108 1025 1186 βασιλεῦσιν·
1045 1103 1166 1169 ἆνεῖται
1185 1103 1265 1189 πρὸς
1286 1131 1342 1168 κυ-

253 1209 399 1290 νηγέσια,
420 1203 563 1287 καθάπερ
585 1201 680 1285 ἱερῶν
700 1196 842 1284 dieseon,
868 1205 968 1268 εἰπεῖν
989 1206 1025 1268 δὲ
1045 1207 1100 1267 κατ’
1117 1204 1342 1289 θεοφυιεδταν

253 1304 479 1387 παραδείσων,
500 1303 661 1386 ἐφείδοντο
688 1303 839 1379 τουτωνί,
859 1301 913 1365 καί
932 1304 1149 1386 διηπειλοῦντο
1167 1299 1225 1367 τὸν
1245 1300 1343 1385 ἴσχω

220 1416 308 1468 υτον
328 1404 470 1467 κίνδυνον
500 1409 565 1476 τοῖς
594 1403 734 1482 δκτεμεῑν
765 1403 972 1484 προθεμένοις
1004 1402 1128 1467 ἐκεῖθεν
1151 1399 1231 1480 ξύλα
1264 1394 1341 1466 ἅττα
1355 1427 1393 1468 ια

253 1502 490 1585 ναυπηγήσιμα.
545 1497 599 1565 ναί
633 1498 779 1582 μήνκαὶ
808 1498 827 1562 δ
854 1503 908 1564 τοῦ
929 1497 1038 1565 στόλου
1067 1499 1142 1578 δούξ
1166 1496 1341 1583 Μιχαήλδ

254 1595 436 1685 Σκρυφνός,
457 1598 629 1686 κασιγνήτῃ
648 1601 705 1681 ιής
727 1599 892 1682 δεσποίνης
913 1601 1175 1681 συνεζευγμένας,
1197 1599 1342 1662 δεινότα·

253 1720 309 1772 τος
331 1693 377 1762 aba
397 1696 441 1781 μή
464 1695 562 1780 μόνον
582 1701 727 1782 γόμφους
746 1700 803 1761 καί
821 1691 962 1782 ἀγκύρας
981 1699 1117 1780 χρυσίου
1140 1697 1342 1772 ἀλλάξασθαι

255 1793 337 1862 ἄλλα
352 1799 407 1864 καί
419 1800 568 1883 λαίφεσιν
584 1797 755 1861 ἐπιθέσθαι
769 1797 824 1860 καί
834 1799 1040 1881 ἐξαργυρίσαι
1061 1793 1210 1881 πρότονα,
1235 1789 1340 1872 ἅπαξ-

253 1895 391 1973 duanae
425 1893 534 1960 πλοίου
559 1897 687 1980 μακροδ
716 1893 759 1960 εδ
787 1895 904 1980 νεώρια
920 1893 1084 1975 Ῥωμαίων
1105 1893 1244 1960 dedamur.
1285 1897 1343 1960 καί
1356 1897 1394 1962 15

253 1994 404 2077 βασιλευς
424 1987 470 2070 οἷς
492 1993 550 2058 οὔκ
572 1996 705 2075 ἐπετίμα
723 2001 788 2072 τοῖς
816 1992 997 2078 ἀβελιὲροις
1016 1991 1056 2058 td
1079 1995 1141 2059 τῶν
1163 1995 1264 2058 κακῶν
1284 1991 1342 2056 κά-

254 2119 346 2160 κιοτα
375 2097 512 2180 δρῶσιν,
542 2095 720 2159 tarvennae
739 2101 806 2170 τοῖς
837 2097 1009 2176 γινομένοις
1030 2093 1183 2176 ἡλίσκετο.
1222 2095 1343 2174 μᾶλλον

254 2195 314 2275 μὲν
337 2184 392 2257 oda
408 2197 463 2256 καί
483 2187 580 2267 αὐτὸς
610 2194 753 2278 οἰκουρίᾳ
770 2195 894 2276 χαίρων
913 2191 971 2257 νῦν
992 2195 1052 2271 μὲν
1070 2191 1218 2278 γεώλοφα
1240 2189 1343 2279 καθή-

255 2315 306 2374 ρει
325 2295 381 2356 καί
397 2290 575 2374 ἀνεπλήρου
597 2288 782 2375 φάραγγας,
811 2287 919 2365 eilande
940 2289 1141 2374 ου’τουργοῖν,
1166 2291 1223 2355 νῦν
1242 2290 1278 2354 δὲ
1296 2289 1341 2363 είς

254 2390 448 2454 ε’πιδείανιον
467 2384 533 2470 εἶχε
554 2394 676 2471 γέλωτα
697 2389 754 2473 τήν
778 2393 836 2454 τοῦ
857 2391 1032 2455 Λατινικοῦ
1052 2389 1167 2453 στόλου
1187 2387 1392 2457 sindulae-an

255 2513 316 2571 αν,
342 2487 397 2553 καί
416 2487 460 2562 ὥς
478 2491 524 2562 εἰς
541 2491 648 2568 μῦθον
664 2489 782 2554 α’πὲλυε
797 2486 836 2552 τὰ
852 2497 919 2564 τοῖς
938 2487 1016 2553 οἷσίν
1036 2483 1153 2554 ἔναυλα
1176 2486 1263 2552 δεινὰ
1287 2492 1344 2552 καί

158 2587 315 2675 P-3i9upd
337 2579 490 2670 ὄμμάτων
510 2593 637 2665 πολλοῖς
647 2588 798 2672 αειμενα.
839 2585 910 2654 ἐπεὶ
928 2589 963 2653 δὲ
983 2586 1219 2672 παρεστήσαντο
1231 2589 1290 2670 μὲν
1311 2585 1341 2653 ot

323 2787 350 2837 6.
370 2789 432 2851 post
458 2780 559 2836 δέοντα
582 2782 616 2833 B:
644 2772 720 2852 πρδς
744 2782 776 2837 δὲ
801 2777 867 2843 τούς
884 2785 1019 2852 λέγοντας
1035 2779 1113 2834 edrai
1133 2779 1178 2834 δτι
1197 2781 1340 2852 συμφέρει

324 2854 373 2908 ἵνα
382 2856 431 2906 καὶ
444 2850 557 2924 ἅρματα
570 2852 835 2925 παρασκευάσωμεν
846 2857 894 2906 καὶ
904 2855 1029 2922 κδτεργιι
1041 2857 1091 2904 καὶ
1102 2849 1214 2921 δργιινα
1223 2853 1341 2921 aelaps-

319 2923 357 2976 αεὶ
377 2924 541 2994 ποιήσωμεν
568 2921 666 2977 δαίνυ
685 2924 738 2978 τοῦ
761 2925 897 2994 aermon,
919 2921 1115 2994 δαινςίχυμεν
1132 2919 1204 2974 atra
1218 2925 1247 2984 ἐξ
1266 2921 1339 2974 διαί·

321 3012 394 3064 μου,
414 2993 507 3062 respui
525 2994 659 3064 ἐφαίνετο
679 2997 789 3064 λέγειν·
824 2994 879 3048 ουίι
897 2991 1062 3063 α’πελογεῑεο
1080 2990 1138 3065 γὰρ
1159 2989 1217 3046 ἀλλ’
1236 2991 1339 3057 ἐκάθη-

323 3081 356 3118 το
373 3065 465 3134 γελῶν
485 3066 536 3116 καλ
556 3065 702 3134 ίμπαίζυν
723 3065 752 3120 Β.
845 3069 884 3135 sd.
902 3065 1045 3136 πρότονος
1062 3065 1093 3116 Δ.

255 3235 405 3303 imperator
422 3234 532 3286 alexius
561 3235 737 3305 iampridem
755 3237 914 3288 Latinorum
931 3244 1007 3286 motu
1025 3235 1120 3286 aridito
1137 3233 1208 3286 nihil
1226 3251 1342 3304 praepa-

255 3306 339 3366 rarit,
368 3304 443 3373 φασδ
468 3321 530 3356 ere
558 3307 603 3357 vel
622 3323 670 3358 sua
699 3309 824 3376 privatim
842 3309 886 3358 vel
904 3306 1016 3377 publice
1034 3307 1154 3357 omnium
1174 3313 1256 3356 esset:
1276 3325 1342 3359 nam

254 3374 399 3447 immodica
418 3376 548 3428 mollities
566 3377 647 3430 rebus
665 3377 790 3446 gerendis
815 3378 903 3430 nihilo
925 3379 1013 3448 aptior
1034 3385 1075 3428 est
1094 3393 1174 3446 quam
1194 3373 1342 3429 dementia.

255 3452 285 3496 et
311 3446 444 3512 spadones
476 3447 636 3500 silvosorum
659 3449 792 3500 montium
816 3449 959 3511 custodes,
986 3448 1032 3518 qui
1052 3445 1260 3516 imperatoribus
1278 3457 1341 3500 tan-

254 3530 336 3583 quam
362 3519 430 3572 sacri
459 3517 515 3567 luci
534 3525 583 3569 aut
607 3518 693 3570 divini
713 3519 834 3588 paradisi
857 3518 974 3570 venandi
994 3519 1079 3586 gratia
1097 3518 1245 3568 consecrati
1262 3527 1340 3583 sunt,

254 3585 405 3653 parcebant
433 3587 593 3652 arboribus,
623 3597 651 3640 et
670 3597 819 3641 extremum
846 3588 997 3658 periculum
1021 3590 1055 3640 iis
1080 3587 1276 3640 minitabantur
1290 3591 1341 3658 qui

254 3653 290 3704 ad
306 3654 475 3708 fabricandas
493 3674 574 3710 naves
593 3659 665 3726 ligna
694 3659 759 3710 inde
777 3668 910 3728 peterent
929 3659 1018 3710 adlruc
1036 3657 1129 3710 classis
1151 3657 1205 3709 dux
1221 3658 1341 3712 Michael

255 3723 420 3791 sappinus,
441 3729 486 3778 eui
504 3728 630 3781 dominae
648 3747 724 3782 soror
744 3739 830 3800 nupta
850 3738 922 3793 erat,
941 3748 996 3780 non
1014 3738 1118 3782 tantum
1136 3729 1226 3780 elavos
1244 3738 1273 3781 et
1290 3747 1342 3782 an·

255 3810 330 3844 coras
349 3811 414 3846 auro
445 3808 599 3865 permutare
627 3799 677 3852 sed
693 3800 755 3852 vela
784 3801 866 3854 etiam
888 3809 917 3852 et
933 3800 1062 3852 rudentes
1088 3797 1207 3851 vendere
1225 3799 1341 3863 solitus,

253 3864 342 3932 longis
360 3866 474 3918 navibus
491 3886 600 3937 prorsus
617 3870 744 3922 omnibus
769 3872 877 3923 stavella
893 3873 1014 3924 Romana
1033 3869 1174 3938 spoliarat.
1193 3869 1342 3940 imperator

253 3951 318 3987 vero
343 3936 471 3987 uecordes
497 3939 621 3992 horninea
651 3943 768 4024 pessima
788 3943 908 3994 facinora
925 3947 1112 4010 perpetrantes
1133 3939 1202 3992 adeo
1223 3958 1278 3992 non
1295 3957 1341 3992 ea-

255 4005 385 4074 rugabat,
404 4014 436 4059 ut
450 4008 482 4058 iis
501 4027 559 4061 cum
579 4014 673 4081 primas
693 4013 829 4083 propitius
853 4029 911 4064 esse
931 4012 1077 4064 videretur.
1095 4011 1148 4062 iam
1164 4013 1229 4080 quia
1250 4011 1343 4062 liben-

254 4085 298 4127 ter
318 4077 391 4127 domi
418 4076 575 4142 desidebat,
601 4099 673 4133 nunc
698 4084 782 4136 colles
800 4083 935 4153 aequabat
955 4091 983 4133 et
999 4083 1084 4132 valles
1103 4079 1293 4150 complanabat
1312 4090 1343 4133 et

256 4165 331 4199 areas
350 4147 484 4213 faciebat3
514 4166 586 4201 nuuc
606 4152 719 4204 Latinae
737 4155 831 4206 classis
850 4152 1054 4223 expeditionem
1073 4169 1187 4204 acuens
1199 4167 1247 4220 pro
1264 4149 1342 4202 ludi-

256 4236 301 4275 οιο
321 4217 478 4284 deridebat,
498 4229 568 4272 etat
584 4220 707 4276 labalam
725 4225 850 4279 elevabat
865 4241 896 4278 ea
914 4221 1036 4296 pericula
1056 4239 1126 4292 φασιν
1142 4223 1223 4278 multi
1242 4219 1342 4276 audie-
