3017 4892
289 215 372 306 ὅτι
609 247 783 315 uicaria
812 248 1048 318 anonam

288 400 593 482 ἐλευθεροστομοῦσι
621 407 758 466 Λατῖνοι
788 403 845 467 καί
869 405 1082 486 βρενθδονται
1108 401 1153 490 τήί
1181 404 1237 468 δυ’
1265 407 1374 474 αἰτῶν

253 499 563 582 Ινκαταγωνιοθήναι
592 501 741 584 Βρανάν,
768 495 849 565 ἀλλά
880 505 935 566 καί
954 501 1033 566 κατά
1055 503 1119 566 τοῖν
1145 505 1373 585 ἀστυγειτόνων

285 603 378 684 σφίσι
391 597 557 678 Ῥωμαίων
577 598 817 683 διαπεπράχασι
836 598 875 663 τά
897 597 1089 681 ἀνάπαιστα,
1107 600 1189 666 κατά
1210 600 1373 687 φάλαγγας

280 699 490 781 ἀγηγερμένοι
519 697 574 760 κατ’
604 701 735 782 σπείρας
756 699 846 783 δίκην
864 697 1047 782 χειμάρρου
1067 707 1138 776 ταῖς
1156 702 1219 765 τῶν
1240 707 1372 767 Λατινι-

276 799 347 860 κάν
367 796 465 878 γενῶν
487 797 599 869 οἰκίαις
620 796 879 881 προσρήγνυνται.
931 797 970 861 αἰ
988 819 1023 863 τε
1045 791 1102 860 oria
1126 789 1247 882 άσημοι
1267 801 1398 886 φωναί5

246 951 249 958 .
285 892 343 959 τὸν
363 887 444 978 ἀέρα
468 891 633 976 ἐπλήρουν,
654 893 697 969 ὥς
718 896 787 959 οὐδ’
806 897 839 960 εἰ
858 897 990 961 κολοιάν
1009 894 1031 979 ἢ
1053 895 1197 980 γεράνων
1215 893 1238 980 ή
1256 895 1371 985 ψάρων

285 989 380 1058 ἔθνεα
418 991 591 1076 κλαγγηδὸν
620 993 846 1080 ε’πτεράσσοντο
881 991 902 1080 ἢ
932 997 1108 1073 ε’πίκλωζον
1137 1000 1295 1081 θηρευταί
1319 998 1375 1064 κατ’

285 1090 470 1170 ἐπεθωϋζον
499 1092 678 1176 κυνηγέται,
707 1091 865 1175 ἀλλήλους
893 1115 928 1159 τε
945 1089 1143 1179 παρεκάλουν
1162 1094 1374 1178 ἐπισπώμενοι

284 1193 350 1254 τάν
379 1192 543 1272 χιτωνίων.
595 1189 651 1255 καί
678 1189 736 1255 οιίκ
768 1183 809 1275 ήν
836 1194 905 1258 ἐκεῖ
931 1215 982 1268 τις
1002 1196 1065 1256 τῶν
1084 1195 1316 1277 εἰσηγουμένων
1333 1195 1372 1262 τά

287 1289 367 1372 πρὸς
397 1289 523 1374 εἰρήνην
558 1288 726 1374 κατήκοος,
762 1292 833 1357 ἀλλ’
862 1288 906 1367 εἰς
932 1290 1063 1367 ἀσπίδες
1091 1290 1130 1356 τά
1151 1284 1220 1358 aira
1243 1293 1417 1375 βάυντεςιο

285 1386 389 1453 πάντα
411 1393 601 1473 παρέτρεχον
633 1387 731 1475 σοφὸν
758 1388 941 1476 φαρμακόν.
981 1386 1159 1474 ήγεμόμευε
1181 1392 1217 1456 δὲ
1237 1395 1294 1474 τῆς
1307 1394 1375 1458 τότε

287 1489 351 1552 τῶν
371 1486 529 1571 ἀγοραίων
556 1490 738 1573 συνδρομῆς
766 1483 806 1552 ori
826 1489 925 1572 μόνον
944 1486 1052 1570 θυμός
1071 1483 1197 1573 ἄλογος,
1218 1491 1302 1555 ἀλλά
1320 1495 1377 1558 καί

288 1581 305 1648 ά
334 1589 396 1651 τάν
420 1585 593 1670 ἀλλοτρίων
625 1583 759 1672 ήρρένου
787 1584 867 1674 ἔρως
895 1586 1086 1674 χρημάτων·
1139 1579 1235 1678 ᾤοντο
1258 1590 1320 1675 γάρ
1341 1593 1376 1656 ἐν

286 1690 408 1767 βραχεῖ
422 1685 505 1775 πόνῳ
525 1685 602 1763 τούς
622 1690 785 1761 Λατίνους
806 1688 955 1771 ἐκστῆσαι
976 1682 1150 1772 οἰκημάτων
1170 1691 1227 1752 καί
1244 1687 1375 1772 διιρπά·

192 1802 344 1857 cantuar
376 1780 462 1851 άπαν
495 1785 766 1870 ἀπραγματεύτως
800 1783 837 1850 τά
858 1783 950 1851 ἔνδον
973 1784 1247 1871 κειμηλιοάμενον,
1267 1783 1373 1874 ὥσπερ
1387 1797 1416 1859 15

287 1883 366 1950 κατά
389 1882 465 1962 τούς
485 1883 619 1970 χρόνους
639 1888 698 1949 τοῦ
725 1886 882 1966 βασιλέως
897 1883 1099 1970 Ἀνδρονιίιου
1123 1885 1373 1971 διαπεπράχασι.

288 1995 355 2061 τοῖς
375 1987 411 2050 δὲ
431 1986 476 2060 εἰς
497 1986 681 2049 τοτ’ναντίον
701 1982 742 2049 τά
761 1987 824 2050 τάν
841 1985 978 2050 ἐλπίδων
996 1987 1239 2068 μετέστρατιται.
1263 1983 1293 2050 οἰ
1312 1985 1375 2071 γάρ

291 2085 442 2170 διάφοροι
461 2079 504 2161 αἱς
526 2077 612 2150 εἶδον
631 2080 689 2167 τήν
713 2085 762 2148 ἐπ’
783 2082 905 2160 oriende
925 2088 988 2149 τῶν
1007 2081 1185 2167 ξυγκλύδων
1205 2086 1375 2172 σύρροιαν,

285 2184 347 2259 -τάς
362 2207 396 2248 τε
417 2182 601 2268 λεωφόρους
625 2181 916 2268 ποριεφράγμωσαν
934 2185 1091 2267 μεγίστοις
1112 2183 1280 2268 σκόλοψιν,
1301 2181 1375 2251 duat

290 2287 360 2348 κατ’
391 2281 506 2355 adroic
537 2275 612 2364 ήγον
642 2279 678 2345 τὸ
698 2284 895 2365 παροδεῦον,
921 2282 977 2348 καί
1002 2284 1257 2368 θωρακισθέντες
1274 2287 1373 2371 βύζην
1381 2315 1416 2356 20

289 2384 326 2447 ἰν
347 2391 410 2455 τοῖς
436 2375 642 2462 ὀχυρώμασιν
675 2378 820 2465 ἔστησαν.
861 2376 880 2444 δ
900 2383 933 2445 δ’
951 2381 1096 2466 ἀγελαῖος
1115 2375 1208 2466 ὄχλος
1227 2383 1375 2463 πολλάκις

292 2481 351 2560 μὲν
382 2478 558 2564 δπερβήναι
576 2475 625 2566 ,τά
651 2478 941 2565 περισταυρώματα
962 2479 1135 2568 ὥρμησαν,
1164 2483 1204 2545 ου’
1222 2479 1319 2564 μόνον
1339 2485 1374 2550 δὲ

360 2671 383 2708 τ.
394 2658 647 2726 καταγωνίσασθαι
658 2659 685 2710 t.
746 2659 772 2724 4.
789 2659 937 2730 χειμερίου
957 2659 1039 2724 δίκην
1055 2659 1217 2731 χειμάρρου
1230 2659 1259 2710 λ
1348 2662 1371 2712 5.

359 2727 452 2798 γενῶν
469 2743 514 2778 orn
531 2730 563 2782 A.
685 2728 896 2800 σνρρήγνυνται
912 2731 941 2782 ab
1048 2748 1087 2784 ir.
1107 2729 1210 2787 πάντες
1228 2731 1260 2782 A.
1335 2732 1372 2783 ιλ.

360 2792 420 2869 γὰρ
442 2797 479 2857 uic
498 2799 530 2853 ἐν
547 2803 648 2868 βραχεῖ
662 2797 742 2866 πόνῳ
770 2799 828 2854 τῶν
845 2803 967 2854 tartum
986 2801 1061 2854 ἰιστ.
1079 2802 1136 2854 τάν
1160 2799 1322 2870 οἰκημάτων
1342 2803 1371 2855 Δ.

364 2885 403 2938 ¹9·
420 2869 470 2927 τὰς
484 2870 523 2942 τε]
543 2872 670 2939 ἔφραξαν
688 2865 740 2927 τάς
758 2868 851 2941 ῥύμας
871 2871 966 2925 αὐτῶν
979 2867 1052 2943 μετά
1068 2872 1202 2943 μεγάλων
1216 2869 1309 2932 {dior
1325 2867 1372 2924 δο-

361 2941 471 3011 καρίωκ
493 2943 542 2992 καί
559 2939 744 3010 ἐσταύρωσαν
754 2941 781 2992 Β.

290 3075 454 3146 probaram,
471 3091 527 3128 non
545 3075 686 3128 serendum
705 3089 764 3128 ease
790 3077 842 3129 rati
861 3075 935 3145 qnod
953 3075 1044 3128 Latini
1064 3091 1121 3128 non
1138 3073 1220 3125 modu
1240 3072 1328 3125 libere
1344 3081 1371 3126 et

291 3146 440 3199 insolenter
459 3147 713 3200 iactarentBranaru
733 3163 749 3196 a
767 3160 796 3197 ae
813 3145 980 3199 debellatum
1000 3163 1076 3209 eane,
1094 3143 1143 3196 aed
1162 3147 1245 3196 etiam
1261 3145 1293 3196 in
1309 3144 1372 3197 rub-

291 3217 410 3270 urbanoa
429 3219 562 3270 Romanoa
580 3217 792 3270 intolerabiliter
811 3219 924 3284 genarati
945 3225 1050 3279 eareat,
1068 3217 1096 3267 in
1113 3215 1239 3268 cohorter
1258 3223 1286 3266 et
1306 3215 1372 3284 pba-

291 3287 383 3356 langea
404 3290 550 3342 centuriati
568 3288 653 3342 instar
673 3287 782 3339 hiberni
803 3289 931 3340 torrentia
944 3288 973 3339 in
983 3287 1140 3340 Latinorum
1158 3286 1239 3338 aedes
1259 3285 1371 3336 irruunt

291 3358 374 3428 igitur
397 3361 526 3412 confusae
549 3377 628 3414 vocet
647 3375 702 3410 non
728 3357 809 3410 aliter
826 3375 908 3427 quam
928 3358 1053 3426 gregibus
1074 3375 1168 3425 gruum
1185 3365 1235 3408 ant
1251 3356 1372 3424 graculo-

290 3445 350 3482 nutu
378 3429 616 3502 obstrepentibus,
643 3437 692 3480 ant
714 3430 891 3481 venatoribus
916 3428 1045 3480 latratum
1065 3445 1162 3480 canum
1177 3427 1371 3488 incitantibus,

290 3505 382 3552 adrem
399 3501 560 3570 implebant,
572 3511 654 3571 atque
673 3500 721 3550 alii
739 3500 809 3551 alios
829 3501 929 3551 tunicis
946 3498 1087 3569 prehensis
1106 3498 1280 3566 instigabant.
1293 3511 1371 3548 neruo

291 3568 333 3620 ibi
346 3569 509 3623 audiebatur
537 3573 585 3642 qui
603 3587 697 3642 pacem
715 3570 864 3623 suadebat:
883 3586 976 3622 ornnes
995 3579 1027 3623 ut
1045 3569 1151 3638 aspides
1166 3585 1244 3621 aurea
1263 3570 1372 3620 obtura-

291 3639 372 3702 bant,
397 3657 432 3691 ne
459 3643 609 3710 sapientem
639 3659 744 3710 magum
771 3641 906 3693 audirent.
931 3657 994 3692 eum
1025 3641 1253 3692 circumforaneae
1276 3638 1371 3690 turbae

291 3726 519 3763 concursunrnon
534 3713 614 3764 niodo
627 3717 755 3764 effrenata
770 3712 919 3774 iracundia,
944 3712 1092 3764 sedetiam
1120 3712 1226 3762 alienae
1242 3709 1372 3779 pecuniae

291 3777 427 3850 cupiditas
447 3783 565 3849 regebat.
588 3784 723 3854 putabant
750 3785 823 3834 enim
849 3800 878 3834 re
899 3784 1002 3835 Latinis
1021 3784 1117 3850 exiguo
1146 3781 1241 3832 labore
1259 3779 1372 3832 aedibus

293 3850 429 3918 exprdain,
450 3853 581 3921 quicquid
601 3854 631 3906 in
654 3855 688 3907 iis
708 3863 780 3907 esset
797 3853 982 3918 reconditum,
1002 3863 1036 3906 ut
1050 3852 1100 3906 sub
1121 3851 1276 3904 Andronico
1292 3851 1372 3902 iecis-

292 3930 367 3984 sent,
395 3921 557 3992 direpturos.
587 3942 678 3976 verum
711 3941 768 3976 non
793 3923 873 3975 modo
900 3942 948 3993 spe
972 3941 1021 3976 aua
1049 3925 1186 3986 frustrati,
1214 3922 1262 3974 sed
1291 3921 1371 3972 etiam

292 3993 457 4044 contrarium
474 4001 539 4045 runt
556 3997 668 4064 experti,
687 4011 749 4047 nam
764 3995 909 4049 adversarii
929 3993 1116 4047 animadverso
1132 3995 1222 4064 plebia
1232 3999 1325 4043 contra
1344 4005 1371 4041 ae

292 4062 444 4116 concitatae
463 4063 582 4132 impetu,
600 4067 656 4117 nias
675 4067 818 4134 publicas,
845 4083 915 4136 quac
933 4066 969 4116 ad
990 4068 1109 4135 ipsorum
1126 4065 1207 4116 aeder
1227 4061 1372 4119 ducebant,

292 4132 415 4188 maximia
441 4134 564 4190 trabibus
586 4135 797 4204 obstruxerunt,
828 4147 855 4190 et
880 4137 1014 4191 thoracati
1038 4138 1068 4190 in
1083 4133 1282 4190 munitionibus
1301 4131 1370 4190 iltis,
