3017 4892
272 347 368 432 ·270
616 336 789 407 uremur.
816 333 1051 403 mouimus

281 494 389 569 ιιιανός
418 489 435 556 ὃ
464 489 546 558 πάνυ
580 481 741 576 όνὴγειρε,
766 489 830 572 πάρ
863 487 900 551 δὲ
925 478 1089 575 ᾗόάλωσε,
1112 491 1194 572 μέρη
1217 490 1288 553 τινά
1311 494 1369 553 τοῦ

280 581 422 661 τοιοότου
443 593 589 673 τεμένους
609 591 644 654 ἐν
663 587 795 674 βάθρων
816 582 1005 668 δειμάμενος
1021 588 1080 649 τοῦ
1093 590 1208 650 λοιποῦ
1221 589 1277 673 τῆς
1295 609 1369 654 ναο-

282 695 395 774 δομόιις
415 689 583 760 ἐπαύσατο.
624 686 778 773 όδρόσατο
798 687 833 751 δὲ
844 683 1085 772 φροντιστήριον
1105 683 1192 771 ἱερόν
1213 692 1292 772 περί
1306 713 1368 756 που

245 790 316 856 Ded
338 793 393 858 τοῦ
411 790 543 855 Πόντου
565 787 676 870 στόμα,
701 787 745 860 εἷς
759 787 856 850 τόπον
874 782 945 849 τινό
963 787 1175 870 Κατασνέπην
1194 787 1366 872 λεγόμενον,

279 891 325 966 εἰς
344 883 441 970 ὄνομα
460 890 516 952 τοῦ
548 881 802 970 ἀρχιστρατήγου
824 880 979 967 Μιχαάλ,
1001 887 1074 947 καθ’
1095 879 1200 950 dreis
1220 885 1289 951 τότε
1305 895 1393 970 για-5

277 992 403 1053 ναστιόν
423 985 581 1071 deprende
598 982 672 1060 τούς
687 983 954 1065 ὀνομαστοτάτους
965 1005 998 1046 τε
1018 980 1074 1046 καί
1085 984 1262 1069 α’πρέμονοις
1282 985 1363 1053 πάν.

278 1112 316 1175 τῃ
336 1082 506 1167 μοναδικόν
540 1089 595 1149 καί
622 1081 810 1168 όπρόγμονα
838 1083 982 1163 μετιέναι
1000 1085 1071 1163 βίον
1091 1074 1361 1167 προεμηθεόσατο.

276 1183 370 1260 εἰδώς
389 1184 450 1268 γάρ
475 1179 510 1249 τό
535 1180 740 1267 ιιτηματιιιοός
759 1175 842 1246 εἶναι
869 1183 924 1244 καί
942 1177 1159 1263 τυρβάζεσθαι
1178 1178 1273 1249 πόλιν
1290 1188 1366 1269 περὶ

185 1271 195 1284 ’
275 1279 375 1348 πολλοὶ
396 1279 472 1358 τοός
491 1280 545 1347 τὸν
566 1279 716 1366 δρημικόν
735 1282 805 1362 βίον
827 1280 1031 1360 ἀνελομένους
1044 1284 1100 1364 τῆς
1120 1279 1257 1364 ἡσυχίαις
1276 1287 1362 1370 σιγάς

274 1384 585 1464 paetereunter&
606 1377 685 1445 κατά
707 1377 785 1444 θεόν
798 1380 852 1462 ζῆν
866 1379 996 1461 α’πάγον,
1016 1381 1108 1445 τοῦτο
1129 1378 1169 1463 t»)
1190 1380 1227 1445 τό
1248 1385 1361 1449 οἰκεῖον
1373 1406 1408 1446 το

276 1484 381 1556 ου’τοῖς
409 1477 604 1564 ἐπάγγελμα,
617 1487 620 1496 ¹
634 1481 729 1544 ου’δὲν
760 1480 917 1564 ιιτησόδιον
947 1478 1058 1554 αδτοῑς
1084 1475 1259 1561 άπετόμετο
1289 1473 1360 1548 odes

273 1579 337 1664 μὴν
359 1578 476 1667 α’γροός
499 1583 554 1644 κατ’
574 1578 760 1661 όμπελιόνας
774 1582 819 1665 τῷ
831 1580 1059 1666 ρροντιστηράρ
1079 1579 1231 1662 α’πέταξε,
1252 1582 1360 1645 πᾶσαν

272 1681 311 1744 δὲ
332 1687 397 1755 τοῖς
416 1685 588 1760 μοναστιιῖς
608 1679 736 1742 δίαιταν
762 1679 797 1740 ἐν
818 1682 881 1742 τοῖν
910 1681 1081 1759 βασιλικῶν
1093 1679 1268 1763 χρυοιόνιαν
1288 1681 1358 1744 ἐπι·

272 1775 432 1864 μετρήσας
453 1781 573 1843 ἐκεῖθεν
591 1774 689 1861 ου’τὴν
709 1774 895 1860 ἐβράβευεν,
917 1771 1107 1859 άνεικόνιτοον,
1128 1770 1227 1860 οἶμαι,
1248 1779 1357 1842 ἐντεῦ-

272 1883 330 1943 θεν
348 1879 403 1943 τόν
421 1874 519 1942 πολόν
538 1875 641 1962 ἔρωτα
659 1881 721 1940 τεόν
743 1880 896 1941 πλειστοον
916 1880 991 1961 περό
1002 1880 1060 1941 τοῦ
1076 1875 1174 1959 μονάς
1191 1879 1356 1960 συνιστᾶν,
1370 1881 1406 1945 15

169 1993 195 2048 Ρ,
211 1995 261 2050 135
272 1977 327 2044 καί
350 1978 553 2063 παράδειγμα
583 1975 692 2051 διδοός
719 1984 786 2054 τοῖς
814 1973 1007 2056 μετόπισθεν
1035 1969 1122 2051 όποος
1148 1974 1255 2062 χρεόν
1279 1977 1358 2053 νεός

263 2065 400 2142 ἀ’νιστάν
419 2081 474 2142 καί
493 2079 562 2141 οἵαν
583 2078 654 2141 δέον
667 2073 847 2158 ἑτοιμάζειν
867 2071 1024 2159 τράπεζαν
1043 2082 1110 2152 τοῖς
1123 2075 1283 2161 όρημικοῖς
1304 2075 1359 2142 κατ’

271 2176 376 2258 άβιόις
406 2174 460 2240 καὶ
490 2179 547 2260 τῆς
568 2170 646 2260 όλης
664 2170 799 2249 ἔαυτοός
827 2175 989 2239 ἐκλόσασι.
1031 2177 1179 2240 τοσοῦτον
1199 2178 1228 2240 δ’
1246 2175 1357 2258 sineigs

270 2277 328 2339 τοό
348 2273 403 2357 τήν
434 2277 491 2338 νῦν
513 2273 705 2338 κατάστασιν
728 2274 884 2355 ἐπαινεῖν,
905 2273 939 2336 οἳ
957 2272 1185 2357 μονάζεινμὲν
1208 2274 1355 2356 ἐπαγγέλ-

269 2380 394 2454 λονται,
415 2373 646 2456 πολυκτήμονες
677 2373 712 2435 δὲ
733 2371 789 2436 ιιαί
807 2371 1055 2458 πολυφρόντιδὲς
1075 2375 1155 2438 εἰσιν
1176 2371 1256 2458 όπὲρ
1278 2371 1403 2448 rodeno

268 2475 309 2560 τῇ
332 2473 475 2536 ἐνταῦθα
497 2473 708 2557 φιληδοῦντας
729 2473 796 2559 ζωῇ
804 2520 814 2551 ,
839 2467 919 2535 οἷστε
940 2470 995 2536 uei
1010 2470 1068 2555 τῆν
1087 2471 1205 2558 νεαρόν
1223 2475 1355 2553 νομοθε-

268 2572 359 2651 σάιν,
381 2567 420 2652 ἢν
438 2567 457 2637 ό
469 2570 691 2652 βασιλεύτατός
704 2573 747 2658 τῷ
774 2563 844 2634 όντι
864 2569 1047 2657 Νινρφόρος
1068 2570 1087 2634 ό
1108 2574 1242 2654 Φωκάς,
1263 2569 1280 2637 ό
1300 2568 1355 2656 τὴν

343 2757 363 2792 ι.
383 2739 478 2810 ἤγειρε
494 2740 526 2792 Α.
631 2755 656 2791 2.
675 2738 858 2812 δειμάμενος]
876 2738 1070 2811 οἰκοδομήσας
1085 2742 1116 2792 Α.
1220 2740 1268 2804 τῆς
1286 2756 1353 2801 ναο-

335 2809 438 2881 δομλος
455 2827 499 2862 om
517 2813 547 2863 A.
645 2815 670 2879 ά.
690 2813 799 2875 σκέπην
819 2813 847 2862 Β.
924 2813 948 2865 5·
967 2813 1011 2862 ἐπ’
1031 2806 1153 2881 όνόματι
1170 2813 1222 2862 ros
1241 2808 1352 2881 ιῖργιιγ-

334 2883 420 2951 γέλου
437 2883 468 2934 Δ.
546 2897 583 2932 ιι.
602 2878 699 2939 adroic
716 2897 763 2932 ons
778 2881 809 2931 A.
885 2898 924 2934 ιτ.
942 2880 1050 2954 πάσαν]
1072 2872 1124 2946 τάν
1143 2877 1283 2949 χρονικῆν
1299 2881 1352 2932 αδ-

333 2956 392 3006 τιῖν
410 2947 483 3018 ζωὴν
506 2949 565 3004 διεδ
584 2957 635 3004 τοῦ
653 2953 806 3019 βασιλικοῦ
824 2954 986 3020 βεστιαριου
1005 2956 1072 3003 καθ’
1087 2952 1211 3007 ἕκαστον
1225 2954 1303 3023 μάντι
1322 2951 1350 3002 Β.

342 3027 380 3093 ¹4·
399 3021 437 3081 uic
454 3021 537 3094 οἶμαι
556 3020 587 3074 τό
625 3024 657 3074 Α.
761 3037 804 3074 οι.
824 3019 1048 3093 φιληδονοόντας
1064 3024 1096 3073 A.

267 3163 364 3212 rimum
383 3175 398 3212 a
414 3160 553 3212 Marciano
576 3161 738 3228 imperatore
765 3159 905 3210 eonditum
923 3166 951 3211 et
969 3159 1096 3210 incendio
1117 3158 1289 3230 absumptum
1308 3159 1350 3213 in-

267 3240 387 3284 staurare
405 3247 556 3301 aggressus,
575 3246 636 3280 cum
654 3241 743 3300 partes
762 3229 892 3300 quasdam
919 3247 953 3280 ex
969 3229 1153 3282 fundamentis
1172 3230 1349 3296 extruxisset,

267 3301 391 3368 destitit3
421 3311 449 3354 et
466 3301 661 3353 monasterium
690 3302 719 3353 in
739 3301 819 3352 Ponti
837 3299 975 3363 faucibus,
1003 3301 1064 3352 loco
1078 3301 1126 3370 qni
1144 3300 1291 3370 Cetascepe
1308 3300 1350 3353 di-

266 3374 356 3436 citur,
382 3371 535 3423 archiducis
563 3371 705 3422 Michaelis
730 3371 843 3422 nomine
873 3371 1010 3437 extruxit3
1039 3371 1068 3422 in
1085 3389 1139 3441 quo
1157 3371 1350 3424 celeberrimos

268 3459 391 3512 quosque
407 3451 435 3493 et
450 3443 695 3512 praestantissimos
719 3441 865 3493 monachos
882 3441 1043 3504 collocavit,
1063 3457 1094 3493 eu
1113 3443 1218 3493 ratione
1234 3450 1266 3494 ut
1283 3443 1351 3494 soli·

267 3512 364 3564 urtam
387 3521 415 3563 et
432 3512 552 3580 quietam
580 3513 663 3564 vitam
682 3513 740 3576 sine
762 3513 818 3563 ulle
839 3511 1015 3564 solicitudine
1032 3522 1145 3582 possent
1162 3513 1266 3582 degere.
1288 3531 1350 3566 cum

269 3585 342 3633 enim
366 3581 511 3634 monachos
539 3582 757 3652 possessionibus
784 3591 812 3633 et
827 3583 944 3652 negotiis
960 3583 1084 3635 turbatos
1102 3592 1130 3636 et
1148 3582 1349 3654 tranquillitate

269 3652 353 3704 animi
377 3659 405 3703 et
430 3650 475 3702 dei
504 3653 579 3704 cultu
606 3653 730 3705 excidere
749 3653 932 3723 intelligeret,
958 3655 1046 3706 nullas
1067 3655 1107 3706 eie
1132 3656 1239 3716 vineas,
1257 3655 1348 3706 nullos

168 3763 171 3770 .
269 3739 359 3792 agros,
376 3720 465 3773 nullas
482 3725 679 3791 possessiones,
710 3741 776 3793 quas
794 3741 845 3776 nec
862 3741 954 3775 eorum
972 3726 1103 3793 professio
1123 3724 1262 3789 admittit,
1282 3726 1350 3777 assi-

269 3793 373 3862 gnavit,
395 3791 444 3842 sed
463 3807 497 3843 ex
514 3793 578 3845 fisco
598 3802 704 3846 tantum
723 3793 808 3864 pendi
824 3795 904 3846 iussit
941 3803 1050 3846 uantum
1069 3794 1104 3845 od
1122 3797 1221 3848 victum
1242 3804 1269 3848 et
1287 3795 1349 3847 cul-

269 3873 327 3915 tum
352 3879 420 3932 opus
443 3869 520 3914 esset
547 3863 654 3916 videtur
680 3865 809 3917 nimirum
841 3811 1011 3916 immodicam
1029 3865 1206 3935 cupiditatem
1224 3865 1348 3917 struendi

268 3934 431 3986 monasteria
444 3932 630 4002 improbasse,
652 3944 680 3988 et
697 3937 849 4005 exemplum
867 3935 982 4004 prodere
1000 3938 1116 4006 posteris
1134 3937 1270 3997 voluisse,
1284 3949 1346 4053 :pio

267 4013 346 4075 pecto
377 4002 477 4072 temple
507 4003 661 4068 condenda,
682 4013 710 4058 et
729 4021 800 4076 quae
823 4006 932 4061 vivendi
953 4008 1022 4058 ratio
1043 4009 1162 4060 eremitis
1182 4004 1293 4076 pnuper‘
1314 4006 1347 4056 us

269 4083 297 4127 et
315 4091 331 4125 a
346 4074 461 4127 terrenis
479 4073 559 4127 rebus
577 4091 605 4126 se
624 4075 845 4129 abstrahentibus
870 4077 1047 4147 proponenda
1068 4079 1110 4129 sit
1132 4086 1237 4129 tentum
1255 4081 1347 4126 eutem

268 4145 357 4196 abluit
375 4153 405 4197 ut
424 4161 515 4197 eorum
536 4146 691 4197 institutum
710 4147 851 4209 laudaret,
873 4147 921 4216 qui
939 4147 1115 4200 monosticum
1132 4149 1213 4199 vitum
1230 4145 1345 4215 professi

268 4225 297 4269 et
316 4215 413 4288 opibus
435 4217 546 4270 uliluunt
565 4227 592 4269 et
611 4217 786 4271 multitudine
810 4235 932 4271 curarum
949 4219 1031 4285 magis
1061 4217 1246 4272 distrahuntur
1264 4231 1345 4286 quom
