3017 4892
172 276 261 379 158‘
483 315 659 384 ucesiu
687 314 922 382 ououuuu

137 467 428 551 ΒΚλιτζασδλόνην
453 469 507 533 ins*
525 477 591 545 τοῖς
618 467 859 543 πολυεαλόντοις
881 469 943 531 τῶν
959 465 1130 550 θησαυρῶν
1152 461 1238 553 οόςῆ

167 570 313 649 βασιλεία
330 564 494 648 Ῥωμαίων
512 568 725 652 περιερρέετο,
758 569 791 630 έν
811 563 859 631 ἔνι’
875 569 936 630 τεόν
956 561 1032 628 sard
1055 563 1089 628 τό
1113 566 1241 648 α’ρχεῖαν

167 665 394 749 λαμπροτάτων
422 662 588 749 όνδροόνων
616 661 686 746 ἑξῆς
713 666 904 729 διατέθεικεν
933 657 993 726 όσα
1013 659 1113 750 τοότφ
1138 687 1241 746 παρα-

165 767 302 846 σχέσθαι
322 765 411 846 διόρα
441 763 600 848 προέθετο.
641 757 682 846 ἧν
702 764 737 826 δέ
757 759 854 826 ταῦτα
874 760 993 844 χρυσός
1013 783 1048 823 τε
1068 757 1123 823 κατ’
1142 754 1241 844 όργυ.

165 883 222 945 ρος
241 864 426 942 κεκομμένος
458 863 504 936 εἰς
531 858 686 942 νόμισμα,
720 862 776 923 καί
793 862 945 945 τρυφῶσα
963 855 1079 942 έσθης,
1100 856 1269 943 οἰργόρεόὸ

166 982 201 1024 τε
222 955 390 1039 έκπιόματα
405 962 462 1023 καί
480 958 649 1044 Θηρίκλειον
671 955 803 1044 χρόσεα,
820 955 875 1022 καὶ
895 953 1124 1034 όθόναιτιόνέξ
1144 955 1243 1040 όπερ-

166 1053 290 1144 ηφόνου
318 1055 423 1142 όφῆς,
444 1049 533 1122 ἄλλοι
547 1080 582 1121 τε
603 1057 713 1137 κόσμοι
733 1057 909 1140 ἐξαίρετοι,
925 1056 1093 1136 Ῥωμαέσις
1113 1055 1172 1136 μέν
1189 1055 1244 1119 καέ

62 1160 66 1169 '
167 1157 250 1220 πάνυ
270 1153 450 1238 εόπόρισεοι
461 1205 472 1235 ,
496 1156 622 1220 σπάνιοι
645 1156 681 1219 δὲ
701 1151 787 1238 παρό
807 1153 982 1237 βαρβάροις
1003 1153 1110 1228 αὐτοῖς
1130 1151 1186 1218 κατ’
1203 1150 1242 1218 τοὶ
1296 1217 1300 1223 ,

168 1251 266 1318 πολλὰ
295 1255 377 1336 μηδέ
412 1255 531 1321 tesval.
573 1250 680 1320 εἰσιών
714 1246 772 1317 σόν
794 1248 811 1314 ό
832 1250 979 1333 βασιλεός
1002 1251 1058 1316 τόν
1078 1251 1242 1337 ἀνδρῶνα,

167 1350 222 1417 καέ
253 1349 310 1416 τόν
339 1350 508 1417 σουλτόνον
528 1353 628 1417 έκεῐσε
656 1349 941 1432 μεταπεμψάμενος
953 1399 962 1430 ,
983 1343 1074 1433 ἤρετο
1092 1353 1122 1415 εἰ
1142 1352 1243 1435 δωρη-
1256 1379 1291 1421 10

166 1452 268 1533 δῆναί
287 1447 316 1513 οἱ
336 1451 394 1514 τοῦ
414 1447 566 1533 παρόντος
593 1447 736 1531 βοόλοιτο
753 1448 931 1532 θησαυροῦ.
972 1449 1031 1512 sori
1048 1449 1084 1512 δὲ
1106 1449 1243 1526 εἰπόντος

169 1547 212 1624 ὥς
232 1548 367 1632 αἱρεῖται
395 1541 481 1624 όόοις
501 1545 601 1612 αὐτόν
628 1545 811 1632 δωρήσηται
826 1543 989 1628 βασιλεός,
1012 1539 1108 1622 αὖθις
1127 1543 1243 1630 ἐπηγα-

137 1669 220 1728 ογεν
241 1645 275 1710 εἴ
297 1668 346 1721 τις
365 1649 427 1710 τόν
447 1643 624 1711 α’ντιπόλων
642 1643 832 1726 Ῥωμαίοις,
862 1643 964 1708 adrat
985 1647 1086 1710 ταῦτα
1109 1667 1242 1710 κενωσα-

155 1747 263 1826 Ιμένου
282 1746 328 1819 εἰς
347 1741 466 1823 ξενικόν
481 1748 538 1809 καί
557 1741 692 1809 ένδαπόν
710 1743 903 1829 στρότενμα,
924 1741 1086 1824 όπενέγκσι
1105 1737 1143 1808 όν
1163 1739 1243 1818 όλως

166 1841 225 1927 την
242 1843 310 1907 κατ’
340 1843 458 1906 ἐκείνου
486 1843 547 1908 τεόν
565 1838 730 1924 Ῥωμαίων
758 1837 867 1925 ὁρμήν.
914 1843 973 1904 τοό
993 1843 1028 1907 δέ
1047 1842 1243 1924 ἅμασαμένου
1258 1854 1293 1918 15

167 1944 222 2006 καί
239 1936 377 2016 εἰπόντος
406 1939 450 2016 σός
477 1942 509 2005 εἰ
526 1939 685 2015 δεσπόζων
712 1933 752 2024 ἧν
771 1937 924 2005 τοσούτων
942 1935 1132 2023 χρημότων,
1163 1935 1246 2022 εἶχεν

168 2035 209 2104 όν
228 2037 327 2104 πόλοι
347 2036 382 2102 τό
403 2038 504 2127 κόκλρι
523 2040 671 2120 πολέμιον
697 2041 743 2115 εἰς
763 2034 900 2121 όπηκσον
919 2040 1004 2125 adrui
1021 2042 1245 2120 μεταθέμενος,

167 2139 420 2223 ,,φιλοτιμοόμαέ
435 2159 475 2201 σε
506 2144 570 2212 τοῖς
590 2139 691 2201 nonam
722 2159 802 2222 φησι
822 2134 987 2216 βασιλεύς,
1010 2135 1083 2218 ,ἵνα
1104 2138 1159 2199 κατ’
1175 2137 1246 2201 τοδ-

169 2237 231 2318 μόν
254 2237 369 2317 εἰδείης
397 2231 573 2319 φιλόδωρόν
598 2256 633 2297 τε
668 2229 736 2314 όμα
762 2234 816 2296 καί
833 2230 1069 2317 μεγαλόδωρον,
1093 2232 1173 2298 α’λλό
1195 2235 1249 2300 κατ’
1286 2259 1290 2264 ·

170 2330 253 2398 όσων
272 2330 340 2397 ἐστι’
358 2329 464 2415 κόριος
482 2327 683 2414 χρημάτωνό
701 2329 855 2404 τοιούτοις
876 2332 931 2394 κατ’
949 2328 1109 2407 τοσοότοις
1122 2336 1176 2398 ἕνα
1188 2335 1296 2406 dor-20

170 2429 355 2518 ρσόμενος.”
406 2427 424 2490 ό
455 2431 492 2491 δὲ
511 2424 598 2512 ἥσθη
618 2451 653 2491 τε
682 2430 737 2491 καέ
754 2429 862 2511 ἐξέστη
885 2429 922 2513 τῇ
941 2429 1162 2518 α’πομαγδαλιηῖ
1182 2434 1248 2498 τόν

170 2525 360 2614 χρημάτων,
386 2525 577 2611 τοφλαόττων
603 2523 684 2610 πρός
704 2527 832 2609 κέρδος,
859 2527 914 2588 καί
931 2531 1059 2608 βασιλεῖ
1074 2525 1129 2611 την
1148 2527 1249 2612 Σεβέ-

173 2650 280 2692 στειαν
300 2627 355 2688 κατ’
381 2620 438 2705 την
466 2620 580 2705 ταύτης
606 2620 716 2706 χώραν
735 2625 961 2706 παρασχέσθαι
980 2626 1248 2708 κατεπηγγείλατο.

175 2719 371 2807 όΜανουηλ
407 2724 442 2787 δὲ
470 2719 527 2805 την
555 2719 728 2803 δπόσχεσιν
753 2718 873 2805 ταότην
906 2723 1048 2803 α’σμένως
1068 2720 1248 2809 δεξόμενος,

243 2899 333 2952 5.καί
364 2893 510 2967 τρυφιόσα]
532 2895 629 2964 distata
655 2901 748 2968 χρυσᾶ
774 2897 823 2946 καὶ
848 2894 966 2966 έξόμιτα
985 2899 1033 2949 καὶ
1050 2895 1130 2964 έτερα
1152 2899 1250 2966 diaeta

183 3005 186 3011 -
243 2969 364 3022 notatio
383 2972 431 3018 και
457 2965 572 3029 κεντητιέ
590 2967 618 3016 Β.
708 2969 748 3023 13·
766 2965 975 3040 κενωσαμένον]
1004 2966 1190 3038 ρσγεόσειεές
1208 2972 1251 3033 ξε-

242 3037 328 3093 νικόν
347 3039 394 3088 καὶ
412 3026 507 3092 δδικόν
532 3036 561 3086 Β.
635 3044 637 3047 ·

176 3201 242 3253 tiam
253 3191 389 3251 ostentare
402 3196 493 3261 vellet,
510 3195 641 3266 quioquid
654 3195 829 3248 Cliassthlani
848 3194 959 3247 daturus
969 3201 1034 3259 erat,
1050 3195 1253 3265 insplendidis·

176 3271 244 3322 simo
257 3267 374 3339 quodam
386 3268 482 3337 palatii
499 3268 619 3318 conclavi
639 3266 735 3319 ordine
753 3266 886 3335 exposuit.
906 3280 937 3316 ea
956 3265 1032 3316 fuere
1053 3276 1160 3319 moneta
1171 3285 1252 3321 aures

177 3347 259 3409 etque
276 3346 411 3407 argentea,
430 3337 562 3389 delicatae
579 3345 685 3400 vestes,
705 3345 830 3405 argentea
850 3335 948 3404 pocula
968 3343 997 3386 et
1008 3334 1151 3388 Thericiea
1172 3355 1253 3390 aures

178 3418 206 3461 et
223 3409 278 3460 tela
295 3408 470 3458 subtilissima
481 3409 590 3477 aliaque
608 3415 765 3459 ornamenta
784 3405 898 3467 eximia,
918 3405 1043 3457 Romanis
1060 3415 1156 3474 paratu
1176 3409 1254 3460 sacil-

178 3481 259 3541 iima‚
278 3477 326 3528 sed
349 3493 407 3526 rara
432 3477 505 3546 apud
528 3477 658 3529 barbaros
689 3485 717 3528 et
732 3477 863 3546 pleraque
883 3491 1022 3544 nunquam
1041 3477 1108 3530 visa.
1126 3475 1156 3528 id
1171 3481 1254 3548 igitur

178 3550 305 3601 conclave
328 3546 462 3612 ingressus
487 3546 629 3600 sultanum
657 3548 784 3608 accersit,
801 3544 935 3614 numquid
954 3561 987 3594 ex
1005 3561 1037 3596 eo
1056 3545 1183 3602 thesauro
1205 3549 1255 3602 do-

178 3620 238 3671 nari
258 3616 311 3668 sibi
328 3615 395 3667 velit
408 3623 491 3683 rogat.
508 3617 688 3686 respondente
701 3617 750 3668 illo
768 3614 796 3667 id
810 3615 864 3666 sibi
881 3616 938 3666 fore
950 3623 1088 3684 acceptum
1102 3619 1176 3686 qnod
1197 3621 1255 3690 ipse

180 3688 307 3748 dedisset,
325 3701 415 3736 rursus
425 3685 580 3754 interrogat,
600 3689 622 3738 si
633 3705 691 3738 earn
705 3686 847 3764 pecuniam
858 3686 888 3736 in
904 3685 1019 3736 militem
1038 3685 1213 3742 domesticum
1228 3701 1256 3744 et

180 3769 320 3812 externum
336 3763 472 3822 erogaret,
490 3757 608 3825 nunquis
627 3756 745 3808 bostium
764 3774 842 3808 suum
863 3757 993 3825 impeturn
1007 3759 1140 3811 sustinere
1156 3770 1255 3829 posset.

181 3846 242 3881 eum
262 3842 325 3878 vero
346 3824 393 3875 iile
417 3841 474 3876 nou
491 3826 549 3876 siue
567 3825 746 3879 admiratione
772 3827 885 3878 dixisset
901 3843 940 3890 se,
958 3826 981 3877 si
999 3835 1104 3878 tantum
1124 3833 1256 3898 pecuniae

181 3897 338 3957 habuisset,
357 3894 410 3945 iam
431 3895 498 3947 olim
514 3893 605 3947 hostes
629 3913 721 3948 ornnes
739 3896 914 3948 subacturum
930 3897 1029 3956 fuisse,
1047 3897 1148 3960 „haec”
1166 3902 1257 3970 inquit

182 3967 291 4034 „omnia
307 3963 360 4017 tibi
380 3963 467 4028 dono,
486 3974 517 4017 ut
534 3974 561 4016 et
577 3967 789 4020 munificentiam
808 3983 895 4017 meam
915 3965 1003 4027 noris,
1025 3974 1053 4016 et
1068 3971 1177 4036 quantis
1196 3972 1257 4039 opi-

181 4039 234 4092 bus
253 4035 357 4108 ponent
372 4035 395 4087 is
420 4035 468 4104 qui
485 4036 534 4086 uui
550 4042 655 4088 tautum
673 4036 774 4100 donat,
800 4037 953 4089 coniicias.”
970 4036 993 4085 is
1009 4049 1072 4086 vero
1092 4046 1120 4090 et
1139 4040 1256 4092 laetatus

183 4118 213 4162 et
237 4105 440 4176 obstupefactos
472 4113 500 4157 et
515 4106 647 4175 pecuniae
671 4107 821 4178 cupiditate
839 4121 932 4156 caecus
950 4119 977 4156 se
998 4103 1153 4174 imperatori
1173 4109 1257 4161 Seba-

184 4179 263 4233 stiam
279 4193 340 4231 oon
357 4174 513 4231 suburbano
525 4192 588 4248 agro
606 4176 775 4233 redditurum
791 4176 942 4250 pollicetur.
964 4191 1018 4247 qus
1035 4193 1065 4230 rs
1081 4177 1192 4234 Menuel
1209 4195 1257 4232 cu-
