3017 4892
592 319 856 392 anssvtttttt'ttt.

138 483 256 558 ficulsss
290 477 434 536 irridetur·
464 477 503 548 9).
545 479 708 536 maumam
730 483 862 550 Byzantii
884 479 1017 556 aedificia
1034 482 1210 557 diripiantur·
1225 505 1254 546 et

144 551 363 611 facendunass.
391 551 440 622 opi
463 567 510 604 ces
532 549 693 604 latinorum
721 550 804 605 aedes
831 551 968 623 direpturi
993 556 1065 612 mala
1082 557 1251 624 naitanus,

146 625 202 682 sad
224 643 282 698 pro
300 621 413 676 neritis.
451 622 591 673 atinorum
606 624 695 675 solers
710 624 961 694 commentun(ro).

234 697 294 748 Lea.
304 695 339 744 Π.
372 691 480 746 isaacii
492 693 592 761 Angeli
608 693 639 742 in
649 689 766 744 Blachos
778 691 923 762 expeditio.
944 692 1070 747 Conradi
1081 695 1210 752 Caesaris
1218 702 1252 754 in

153 767 328 821 Palaestina
346 763 484 814 inter-itus.
503 760 566 814 ideo
587 758 622 814 de
642 761 803 814 Gnosiorum
820 761 942 817 audacia
960 766 1098 820 narr-atio-
1117 768 1252 824 Graecia

155 835 280 892 Blaclsr's
295 831 463 894 caedumur,
481 843 508 884 et
525 833 651 884 isaacius
665 829 761 901 pedena
778 833 885 904 referre
903 836 1011 904 cogitur
1027 837 1075 904 (¹).
1110 836 1252 892 Tiseodori

155 903 341 975 Hangaplae
359 905 504 972 imper-inm
519 899 676 972 affectantis
691 899 819 972 dejectio.
836 905 861 953 is
878 922 897 956 a
913 907 1022 957 sultam
1037 903 1164 975 proditus
1183 914 1250 962 m.

158 977 265 1030 iicr'tua
283 977 314 1028 in
331 980 471 1026 car-aerem
489 973 536 1040 (α).
581 969 720 1025 Friderici
735 973 923 1027 Barbarossas
950 977 982 1026 in
997 976 1184 1030 Palaestinam
1202 997 1250 1035 es·

156 1045 277 1118 poditio.
300 1045 390 1114 legati
412 1039 563 1094 vaecordes
583 1039 753 1096 Fridem'lum
782 1055 809 1096 et
826 1045 967 1099 isaacium
984 1045 1161 1100 committunt.
1195 1057 1249 1102 Ar·

157 1117 316 1170 maiorum
332 1126 360 1167 et
385 1113 598 1165 Alamannorum
617 1112 649 1164 in
674 1113 811 1182 religione
829 1115 973 1166 consensio
994 1115 1045 1184 (3).
1078 1117 1249 1172 mustiones

157 1187 264 1242 maiae
280 1189 311 1237 in
328 1183 515 1238 ecclesiastica
529 1193 603 1234 statu
614 1193 682 1235 tunc
698 1182 843 1254 temporit,
862 1183 1006 1238 et'lsaacs'i
1021 1185 1142 1239 astutiae
1159 1189 1191 1240 in
1207 1190 1251 1242 lris

159 1254 361 1308 natationibus
378 1250 534 1323 descriptae
550 1252 598 1317 (6)-
638 1251 828 1306 Protastrator
842 1253 988 1308 Friderica
996 1254 1112 1324 frastra
1129 1255 1249 1312 insidia·

161 1339 220 1380 tate.
257 1324 361 1377 Graeci
377 1323 522 1404 sugantur·
545 1322 580 1373 ab
605 1320 786 1384 Alemannis,
823 1323 856 1374 rri
870 1327 1086 1377 inconstantiam
1103 1329 1249 1397 superbam

160 1397 271 1450 baccis·
287 1409 471 1462 experiuntur·
487 1405 513 1444 ot
523 1387 650 1444 derident
661 1395 707 1456 (5).
744 1342 886 1447 friderici
905 1396 937 1446 in
948 1397 1084 1448 Orientem
1099 1399 1246 1462 traiectus,

160 1485 222 1521 non
238 1476 389 1518 aver-santa
407 1464 527 1516 isaacio.
555 1459 836 1532 Philadelphiensiam
854 1463 976 1548 perfidia
995 1477 1021 1518 st
1036 1463 1247 1522 Laodicensium

158 1536 346 1606 hospitalius.
382 1533 490 1587 Turcas
515 1529 635 1602 per-fidos
651 1530 811 1586 Fridericus
828 1536 955 1586 maarmr's
971 1532 1079 1588 damnis
1096 1535 1184 1607 afficit
1195 1541 1244 1608 (6)

159 1609 259 1676 Pugna
277 1600 419 1658 frider-tar·
436 1601 477 1655 ad
491 1603 624 1656 Iconium
666 1603 841 1660 Alamannici
857 1603 998 1658 cuiusdam
1017 1603 1245 1731 lreroishlartitu·

158 1675 197 1730 da
218 1676 267 1745 ί7)·
314 1671 453 1727 friderici
475 1671 621 1725 submersio
649 1683 677 1723 et
703 1674 880 1741 praeclarum
896 1677 1023 1745 elogium.
1041 1677 1101 1730 eius
1136 1695 1162 1729 rn
1177 1680 1242 1746 filio

157 1757 267 1799 nortun
284 1744 435 1825 Alamannpi
448 1743 532 1826 pebus
551 1741 660 1812 inflectis
677 1738 783 1795 domurn
799 1743 921 1797 mdeunt
956 1747 1129 1802 &ancorum
1139 1759 1168 1802 et
1185 1753 1245 1802 An·

158 1811 1127 1954 glomlplt.effiedtlltsoapct'‘1223‘:zittcggupzlattltmt't'oeficlttnl‘ssifflmo
1161 1885 1245 1938 Pseu·

156 1953 265 2011 dalaaii
283 1953 385 2008 seditio
399 1965 424 2004 et
444 1954 573 2004 inter-itus
593 1951 640 2021 (ι).
676 1953 796 2004 Alterius
818 1953 998 2007 Pserrdaleaii
1014 1966 1041 2006 et
1056 1952 1158 2005 Basilii
1176 1954 1246 2007 Cleo-

156 2043 208 2079 nae
235 2025 350 2079 crebrae
379 2020 530 2076 seditiones
556 2035 583 2074 et
609 2022 730 2075 esitium.
747 2037 892 2090 procerum
921 2022 1120 2074 nonnullorum
1136 2025 1244 2094 suppli·

156 2097 201 2148 aia
217 2097 268 2164 (a).
307 2089 408 2148 Clades
428 2093 530 2146 isnacsi
546 2093 576 2144 in
596 2091 732 2142 Blaelrica
749 2089 931 2160 expeditione.
966 2093 1131 2144 Hannonem
1148 2092 1243 2147 inrita·

154 2179 199 2217 tus
210 2165 322 2236 sulm
354 2162 444 2214 iactat
465 2163 620 2216 victoriam.
641 2173 668 2213 et
696 2161 797 2214 inanes
815 2176 979 2230 magnarum
994 2178 1086 2215 rerum
1103 2162 1243 2232 imagina-

153 2237 244 2288 tiones
267 2235 317 2302 (3).
358 2232 524 2286 Blaelrorom
554 2245 581 2284 et
599 2229 760 2298 Scytharum
780 2232 978 2300 grassationes¹
1012 2232 1171 2285 Servianum
1192 2235 1242 2288 Pe·

153 2323 248 2374 panus
265 2306 366 2356 erictus.
412 2303 610 2356 Constantinus
632 2301 753 2370 Angelus
779 2303 910 2370 repressit
931 2299 1044 2354 Blnclrt's
1061 2302 1173 2374 aeffectat
1190 2305 1241 2356 im·

152 2376 282 2444 periuras,
304 2371 355 2426 sed
371 2370 477 2426 derisus
495 2391 513 2424 a
530 2375 645 2424 Ratatae
662 2383 689 2423 et
709 2389 725 2420 a
737 2371 825 2423 milite
841 2370 969 2442 proditus
985 2386 1172 2439 excaecatum
1187 2393 1241 2428 un-

153 2444 189 2496 de
205 2443 322 2498 Blaclris
347 2440 479 2512 gaudium
505 2453 532 2494 et
550 2443 715 2495 Graecorum
732 2441 915 2493 subsannatio
932 2441 980 2510 (4).
1015 2442 1122 2495 Isaacii
1138 2460 1241 2497 vecar-

152 2513 212 2567 dia.
253 2511 391 2567 Theodori
415 2511 618 2565 Castamonitae
639 2513 765 2580 potentia
782 2522 809 2562 et
826 2512 963 2564 interitus.
981 2513 1063 2580 putei
1078 2509 1134 2565 duo
1152 2514 1240 2584 impe-

152 2597 265 2638 satores
291 2585 329 2635 im
347 2585 435 2634 eciurn
461 2580 658 2634 administrant
676 2583 722 2647 (5).
760 2579 854 2632 Luscus
870 2592 899 2634 et
914 2582 1036 2648 ineptiae
1054 2583 1176 2643 Isaacii,
1195 2598 1240 2637 at·

152 2672 206 2724 que
226 2656 258 2705 in
276 2671 310 2708 aa
334 2653 415 2722 ficiis
430 2651 549 2722 publicis
567 2667 600 2703 ac
614 2652 736 2720 privatis
755 2650 881 2702 immensi
895 2663 1016 2719 sumptus
1034 2650 1083 2719 (6).
1107 2651 1239 2707 Eiusdem

151 2725 325 2793 sacrilegia,
356 2721 481 2776 avaritia
497 2734 524 2774 et
541 2721 601 2772 alia
627 2722 752 2782 scelera,
771 2737 880 2773 necnon
902 2719 1039 2793 quaedam
1055 2723 1175 2775 virtutes
1189 2721 1240 2776 de-

152 2795 317 2847 scribuntur
337 2794 384 2863 (7)·
429 2794 462 2845 In
483 2789 600 2843 Blachos
627 2789 828 2858 expeditionem
854 2793 974 2861 suscipit.
983 2791 1098 2859 frustra
1114 2807 1239 2848 monetam

153 2861 297 2933 dessatrr's
310 2861 429 2916 insidiis.
447 2861 604 2914 Basilacius
613 2861 717 2932 fatuus
732 2871 812 2912 vates
822 2862 931 2913 isaacio
949 2862 1172 2915 excaecationem
1188 2861 1239 2919 de·
1333 2874 1336 2885 '

152 2935 266 2987 madar
284 2934 332 3002 (8).
367 2932 496 3003 Astatre
505 2931 604 2984 Alexio
617 2931 741 2982 Isaacius
759 2929 874 3000 imperio
893 2943 921 2983 et
938 2932 1026 2984 oculis
1041 2932 1173 3000 privatur
1190 2933 1238 3012 (9).
1278 3003 1282 3010 ι

195 3091 260 3154 DE
289 3092 490 3155 ALEXIO
518 3089 768 3152 COMNENO
793 3089 985 3152 tsnactt
1007 3091 1195 3156 ANGELI

585 3205 795 3268 FRATRE.

222 3338 276 3402 lna.
296 3339 317 3390 1.
366 3341 534 3391 Graecorum
560 3340 594 3392 in
619 3339 723 3391 Isaaeii
746 3335 864 3391 adver-so
891 3355 957 3389 casu
987 3335 1106 3406 affictus.
1140 3341 1236 3396 Alesii

151 3407 330 3480 par-sicidae,
356 3411 426 3461 novi
448 3409 639 3478 imperatoris,
671 3407 864 3480 profilsiones‚
897 3419 923 3458 et
944 3409 1131 3476 reipublicae
1164 3428 1234 3467 cara

151 3478 313 3549 panhabita.
352 3478 569 3549 Contosteplrarri
583 3479 677 3531 Alexii
702 3477 802 3530 seditio
823 3477 987 3548 opprimitur
1003 3477 1043 3549 (ι)
1086 3480 1199 3536 Aleaius
1214 3501 1234 3536 a

152 3552 256 3602 mactis
271 3568 323 3620 per·
343 3549 432 3600 malas
456 3559 530 3600 artes
547 3560 675 3618 acceptus
701 3549 732 3602 in
750 3547 842 3599 urbem
860 3547 1018 3617 ingreditur·
1042 3548 1163 3619 infielicis
1181 3554 1234 3604 im·

149 3620 224 3690 perii
241 3622 336 3671 omina
354 3621 403 3686 (a).
438 3619 536 3687 Angeli
560 3629 768 3688 cognomentum
785 3618 897 3670 Alexr‘us
916 3619 1062 3689 repudiat,
1081 3633 1107 3674 et
1126 3621 1233 3678 Sarda·-

150 3690 278 3760 napalum
297 3691 365 3758 agit.
403 3687 587 3760 Euphrosyne
600 3688 763 3758 imperatrix
777 3687 896 3756 virago,
914 3689 963 3742 sed
969 3691 1087 3758 superba
1103 3691 1232 3745 lucar-io·

148 3777 181 3812 sa
201 3773 229 3812 et
248 3756 398 3832 impudica.
440 3755 618 3812 Pseudaleaii
648 3758 745 3810 Cilicis
769 3755 869 3810 seditio
896 3769 922 3810 et
945 3761 1083 3812 interitus.
1128 3763 1233 3817 Isaacii

150 3831 286 3882 Coroneni
309 3832 341 3880 in
365 3826 514 3882 seditionis
536 3840 675 3899 apparatu
704 3828 833 3880 interitus
850 3827 899 3898 (3).
938 3828 1037 3882 Blaclrs‘
1054 3829 1232 3886 condiciones

145 3901 224 3969 pacis
243 3899 279 3952 alr
299 3898 399 3952 Alexio
420 3897 531 3952 oblatae
545 3907 739 3970 aspernantur.
772 3899 875 3952 Asanis
892 3895 926 3951 de
934 3899 1019 3970 sama
1038 3897 1114 3952 etde
1131 3902 1231 3956 Alexin

146 3971 314 4038 imperatore
333 3966 491 4040 disputatio·
525 3969 652 4021 isaacius
671 3967 875 4020 sebastocrator·
892 3967 927 4019 al
946 3971 1037 4022 Asane
1054 3972 1167 4040 eapitur·
1181 3974 1232 4042 (4).

144 4037 234 4091 Asana'
253 4037 432 4110 sacrificulus
459 4051 550 4091 necem
564 4035 724 4156 praedicitp
742 4050 770 4090 et
784 4039 869 4108 paulo
886 4049 951 4107 post
966 4043 1043 4092 Aean
1060 4041 1232 4113 inter-ficitur

144 4109 179 4162 al
195 4107 304 4162 llarico
326 4108 374 4178 (5)
413 4109 564 4162 Graecos]
581 4121 667 4162 ancus
689 4109 721 4158 in
737 4109 874 4160 auxilium
892 4121 992 4172 vocat,
1013 4106 1063 4160 sed
1078 4111 1113 4162 alr
1130 4111 1167 4165 iis
1184 4113 1231 4164 ni-

143 4179 186 4230 ln'l
201 4177 369 4232 adiuvatur·-
387 4177 425 4232 ad
435 4179 560 4231 alexium
578 4195 605 4231 se
627 4175 743 4247 coedent,
762 4178 811 4230 cui
827 4178 924 4230 utilem
943 4192 1033 4232 navat
1049 4194 1161 4250 operans
1178 4182 1230 4251 (6).

142 4247 244 4305 Parem
265 4253 398 4305 .Graecos
426 4248 497 4302 lello
524 4241 744 4320 lggredissrrtar,
764 4259 791 4303 et
807 4245 959 4302 Dadilrrans
974 4250 1067 4305 urbem
1084 4263 1228 4323 occupant.
