3017 4892
139 22 274 94 λεων,
307 15 473 98 ἐρογονσεν
493 11 616 88 uicaria.
651 39 683 77 v.
710 16 809 76 varias
841 11 881 75 ad
910 15 1260 98 Nicetamp.151,et

140 95 288 166 Wolffi
313 102 468 180 indicem,
493 113 523 161 et
543 101 677 181 Giossar.
703 99 742 160 ud
766 97 857 158 cada.

257 181 390 264 ῥούτα
426 195 513 260 ruta,
539 183 718 260 multitudo,
742 181 848 265 globus
869 178 1010 240 militum.
1030 178 1101 240 vide
1120 184 1235 242 Maure.

256 262 279 346 ῥ
292 267 338 326 osi
345 285 419 345 χον
450 288 539 327 rocus
573 265 624 326 vel
652 287 757 325 roccus
785 286 855 346 pag.
889 263 949 323 213
989 283 1047 360 ²¹7
1084 264 1140 325 251
1185 264 1258 326 381.

146 350 429 433 Astrampsychus
452 353 484 410 in
507 350 679 431 Πυθαγορ.
704 349 842 422 λαξευτ.;
863 339 982 427 ῥοῦχον
1001 364 1154 406 κοκκινον.
1172 349 1259 426 item,

153 433 213 503 εἰς
241 427 281 491 τὸ
303 427 344 492 e':
372 428 513 494 densitas
537 431 630 511 δηλοῖ
651 431 696 504 εἰς
722 429 839 502 παῖδας
859 425 914 489 καί
938 425 1060 489 εἴσοδον
1092 427 1146 486 καί
1169 429 1261 489 sairo-

149 509 253 594 χιάν
276 513 331 574 καί
350 516 470 576 καῧκαν
492 511 547 574 καί
567 511 668 596 §oriza
689 507 798 573 πολλά.
827 510 963 608 Cyriiius
990 509 1162 608 patriarcha
1183 512 1259 573 cP=

18 592 24 626 ⁸
158 591 229 657 sitsi
260 591 299 656 νά
322 593 402 682 λάβῃ
424 593 464 657 sti
489 591 587 679 ῥοῦχὰ
613 617 682 674 σου,
705 593 760 666 δός
778 616 834 654 τοο
858 591 912 656 καί
931 616 967 653 το
985 585 1261 671 ὕποκαμιοόνοου.

89 727 98 742 .
156 682 294 741 Auctor
316 681 369 740 GB
392 673 528 760 βύσσινα
549 675 654 760 araga
681 676 908 754 καταξαμότοο.
938 677 1064 738 Additio
1089 698 1100 737 t
1126 675 1261 757 Capitol.

158 760 282 822 Carol.
304 784 332 823 e.
357 785 416 824 ονε
435 777 464 824 et
480 763 604 846 pedules
620 765 721 848 paria
738 777 878 845 quatuor,
899 781 1018 823 mecum
1039 780 1138 822 untun.
1160 761 1204 820 sie
1219 756 1263 819 ie·

161 849 264 932 gitur
286 853 371 907 tomo
393 868 411 907 2
434 845 645 908 Conciliorum
668 845 792 906 Galliae.

261 925 451 1006 σάβανον
485 929 626 990 linteum.
660 929 816 990 Hierocles
845 929 921 990 artis
947 927 1146 990 veterinariae
1169 925 1263 987 iib.s

165 1034 245 1094 cap.
269 1011 332 1094 98:
354 1012 468 1074 λοῦσον
490 1007 546 1073 τὸν
577 1009 673 1072 ἵππον
706 1009 763 1070 καί
788 1003 947 1089 α’πόμαξον
969 1005 1130 1089 σαβᾶνοις.
1161 1009 1265 1070 Theo-

21 1097 27 1113 '
53 1131 57 1136 ,
163 1106 315 1158 mnestus
336 1094 471 1156 ibidem:
493 1095 532 1178 τῇ
554 1093 590 1155 tt
603 1091 676 1176 ἕκτῃ
699 1089 859 1174 ἐξαγαγών
870 1095 927 1172 τῆς
940 1089 1062 1177 φάτνης
1073 1095 1190 1154 λοῦσον
1210 1086 1267 1152 καὶ

25 1183 29 1190 ’
167 1173 348 1251 ἀπόμαξον
367 1172 529 1256 σαβάνοις.
552 1177 697 1260 Vegetius
716 1189 774 1238 art.
796 1189 857 1238 vet.
880 1176 933 1242 lib.
956 1179 975 1238 3
997 1198 1024 1237 c.
1044 1175 1106 1256 47:
1140 1175 1265 1238 sabanis

165 1259 387 1324 validioribus
408 1260 601 1342 abstergetur.
625 1259 757 1335 Collatia
773 1261 947 1342 Cartbag.s
968 1281 1038 1320 cum
1053 1263 1164 1321 Donat.
1185 1279 1265 1318 cuas-

167 1365 239 1430 que
262 1345 347 1403 intra
366 1343 515 1404 sabaarim
534 1343 675 1406 volumen
695 1344 824 1406 schedae
844 1345 1084 1406 membranarum
1103 1356 1267 1426 propone

166 1427 359 1510 descriptum
379 1437 446 1502 etc.¹

266 1503 450 1586 σοίγισμα
485 1510 650 1570 instratum
669 1531 685 1570 e
708 1509 751 1568 ui.
775 1507 838 1568 Leo
860 1509 1106 1570 Grammaticus:
1130 1506 1194 1568 sois
1214 1502 1266 1568 iu-

168 1613 252 1654 πων
269 1585 457 1674 ἀμφοτέρων
476 1591 540 1652 τῶν
561 1593 667 1674 μεροῖν
687 1531 900 1670 Ἐιερχομένοον
917 1586 996 1676 geru
1017 1587 1147 1670 χρυσῶν
1175 1609 1266 1669 nays-

172 1670 327 1753 ομοίτων.
349 1677 445 1753 item,
476 1663 567 1758 εὗρεν
596 1670 698 1737 αὐτὸν
721 1672 955 1753 introituram
974 1672 1008 1734 ἐν
1036 1672 1079 1756 τῷ
1097 1667 1269 1752 οαγάνματι

171 1759 239 1822 τοῦ
265 1756 369 1830 δεξιοῦ
390 1752 500 1818 ἵππον.

268 1833 456 1919 σαγίττα.
479 1863 508 1921 p.
529 1839 612 1920 4ᾇᾶ
642 1840 753 1919 βέλους
783 1834 885 1910 ἒντὸςε
917 1839 1013 1901 codex
1034 1839 1088 1900 GB
1109 1835 1267 1918 says'sruc.

178 1945 210 1986 v.
233 1921 362 1983 Suidam
387 1925 417 1983 iu
441 1914 573 2004 ἔβλητο.
596 1925 800 2008 Theophanes
820 1923 853 1984 in
874 1923 1038 1984 Heraclior
1069 1916 1195 1999 ἔμειναν
1215 1910 1268 1981 ἄνι’

180 1997 331 2083 attritus
352 1999 413 2065 α’πό
437 1999 495 2067 δύο
517 2007 678 2102 ausimum
701 2009 845 2070 Chronic.
866 2007 955 2068 Alex.
985 2005 1019 2080 ἔξ
1036 1993 1074 2087 ἧς
1100 1998 1192 2082 ἔλαβε
1211 2025 1270 2065 aa·

177 2087 301 2186 ρι’ττας.
326 2088 594 2151 Constantianam
617 2093 707 2153 Tuct.
731 2095 793 2153 Leo
808 2091 892 2152 Tact.
916 2111 984 2171 cup.
1012 2109 1047 2150 ιο
1072 2095 1091 2165 ς
1111 2087 1172 2149 612
1204 2080 1268 2146 α’πό

179 2165 256 2242 ενὸς
277 2167 510 2250 σαγιττοβόλοο.
540 2173 612 2235 hino
635 2173 826 2256 οαγιττάτοορ
854 2176 1031 2256 sagittator,
1064 2171 1145 2252 apud
1176 2168 1269 2231 eund.

180 2255 319 2318 Leonem
340 2255 403 2334 aa
425 2263 443 2332 §
466 2257 503 2340 57
536 2269 576 2319 ct.
607 2260 727 2342 7§67
751 2270 783 2321 et
802 2255 1029 2337 οαγιττοποιοί,
1060 2252 1093 2314 d.
1119 2273 1187 2334 cup.
1205 2253 1268 2330 45

181 2337 222 2400 50
254 2345 285 2398 et
306 2337 540 2402 Constantinum
559 2344 590 2403 iu
613 2343 700 2403 Tact.

269 2417 497 2502 cuyseriaco.
532 2447 617 2484 num.
641 2423 699 2485 116
732 2417 773 2483 sti
793 2414 995 2504 σκευοφόρον
1020 2417 1113 2480 codex
1133 2417 1188 2480 GB
1208 2435 1267 2478 au·

178 2496 317 2582 γμοὶρια.
342 2504 484 2564 animalia
498 2527 576 2588 quae
595 2507 813 2587 impedimenta
832 2517 862 2566 et
883 2506 1016 2565 sardoas
1032 2502 1161 2564 vehunt.
1184 2501 1268 2562 Con-

182 2583 338 2646 stantinus
361 2586 391 2644 io
413 2586 497 2648 Tact.
523 2611 554 2670 p.
582 2589 640 2650 16:
666 2583 752 2666 ἔχειν
772 2583 948 2666 σαγμὰριον
969 2585 1010 2648 ἓν.
1034 2587 1158 2648 Servius
1178 2583 1211 2644 in
1238 2604 1267 2644 1.

183 2667 362 2730 Aeneidos:
384 2682 413 2728 et
428 2671 482 2730 hoa
503 2673 535 2732 in
554 2672 655 2732 metitis
675 2672 843 2734 staminibus
863 2669 1156 2747 observandum-est,
1176 2681 1269 2748 utga-

185 2771 242 2811 aus
263 2771 305 2810 ex
323 2751 491 2814 adiectione
503 2755 673 2832 firmetur,
703 2775 767 2840 qua
792 2755 925 2815 detracta
958 2755 991 2813 iu
1014 2767 1152 2830 neumam
1175 2751 1271 2812 cadat

187 2855 305 2896 uacasse
325 2849 384 2912 est,
407 2850 440 2896 ut
457 2837 616 2920 pisciuaiis
636 2841 740 2917 lacus,
759 2841 878 2922 piscina
900 2837 1001 2909 aella,
1017 2835 1198 2919 ‚piscinale3
1217 2855 1267 2895 su·

185 2919 323 2997 gruarius
342 2919 452 2991 muas,
472 2924 629 3000 sagmaria
651 2923 742 3000 attila,
764 2923 966 3000 sagmarium.
990 2919 1061 2980 Odo
1083 2917 1267 2978 Cluniacen-

187 3002 224 3060 sis
247 2998 301 3061 lib.
328 3020 337 3059 ι
364 2999 538 3064 devitas.
561 3003 703 3066 Geraidi:
744 3005 865 3065 iuterim
885 3024 957 3066 uero
976 3023 1064 3066 omne
1088 3002 1269 3087 stipendium

209 3081 274 3142 read
293 3085 325 3144 iu
345 3087 504 3166 sagmariis
528 3087 659 3148 Geruldi
677 3089 809 3150 delutum
831 3089 957 3166 fuerat,
974 3088 1126 3170 paulatim
1147 3089 1267 3168 deficit.

188 3105 301 3227 i³etrus
323 3163 469 3232 Blesensis
499 3171 586 3252 epist.
613 3169 672 3254 94:
691 3171 800 3257 quociri
818 3171 926 3232 milites
947 3184 1061 3232 nostras
1079 3172 1130 3232 ’ἰνο
1149 3174 1183 3234 in
1209 3195 1269 3234 ex.

184 3248 372 3342 partitionem
393 3253 567 3338 quandoque
587 3268 731 3337 oporteat,
752 3256 905 3337 sagmarii
921 3275 1024 3314 eorum
1035 3277 1094 3318 non
1101 3257 1198 3334 serra
1217 3257 1273 3318 sed

189 3350 283 3408 uino,
307 3355 365 3394 non
386 3337 496 3398 lanceis
512 3335 568 3397 sed
585 3340 691 3416 caseis,
711 3361 772 3400 aon
792 3339 908 3399 ensibzu
924 3337 981 3397 sed
999 3341 1122 3417 utribus,
1142 3362 1201 3400 uon
1213 3340 1270 3399 ta-

189 3415 239 3473 stis
262 3417 317 3477 sed
335 3420 465 3480 verubus
484 3433 654 3482 onerantur.
680 3433 710 3483 et
738 3433 905 3502 corrupta,
933 3423 1116 3484 saumarius.
1149 3422 1270 3484 Auctor

189 3497 271 3560 vitae
293 3501 326 3562 S.
342 3501 518 3565 Gehehardi
535 3502 681 3585 Archiep.
696 3505 885 3586 Sulisburg.:
908 3507 1035 3584 angebat
1055 3518 1192 3565 econtra
1211 3525 1273 3566 non

191 3595 336 3676 carpenta
355 3606 450 3668 raeque
469 3591 586 3658 trahea,
607 3608 716 3648 aarum
730 3591 805 3649 solis
824 3592 988 3651 saumariis
1001 3590 1175 3650 aecersaria
1184 3609 1271 3673 passe

190 3671 306 3742 ouer-rt,
327 3670 499 3732 saumarius
516 3669 614 3732 Gallis
635 3671 709 3734 besta
723 3673 761 3732 da
780 3694 905 3752 suntme,
927 3671 1011 3732 ltsiis
1027 3671 1119 3730 besua
1131 3671 1175 3732 da
1189 3690 1271 3732 som·

192 3767 248 3814 ma.
272 3763 301 3815 et
321 3761 424 3816 sauma
444 3777 501 3839 pro
526 3776 618 3820 onere
642 3753 692 3819 sci
712 3759 846 3820 sarcinis.
876 3753 1073 3840 Lutprandus
1094 3753 1157 3818 ut.
1186 3755 1269 3816 Lau·
