3017 4892
283 300 336 388 32
614 324 786 394 nicaeae
814 322 1050 394 cuourmm

280 501 357 560 ματι
378 479 479 567 ῥοθίῳ
514 478 572 542 τοῦ
594 478 836 544 Κωνστσντίνου
862 478 1080 557 ἐπικειμένου,
1107 467 1190 556 ὅμως
1218 467 1273 534 τδν
1296 471 1363 534 Eo’·

282 579 428 664 στράτιον
442 586 564 666 φωναῖς
584 576 759 664 ὑπήλειφον
778 576 808 640 οῖ
822 574 974 658 Ῥωμαῖοι
995 574 1048 639 καί
1066 567 1281 656 α’ντιπλήττειν
1300 569 1362 633 ud·

281 676 338 742 τὸν
365 677 561 764 άπεφάνουν.
618 675 637 740 ὅ
669 677 705 741 δὲ
733 670 881 750 πολλάκις
909 667 1075 748 ἀνατείνας
1094 671 1152 756 τήν
1170 678 1284 754 χεῖρα,
1309 667 1364 731 κατ’

253 778 411 860 ῦδὸκησιν
432 775 673 862 παρασχόμενος
694 775 737 850 ιδς
756 770 880 857 πλήξειε
901 772 953 839 τὸν
976 772 1155 853 ἀντίπαλον,
1178 769 1363 834 ὑπεστέλλε-

281 897 316 940 το
345 874 431 961 παρά
462 871 573 957 δόξαν,
607 870 659 941 οἷά
679 897 762 948 τινος
785 879 932 956 Τελχῖνος
963 872 1018 958 τήν
1052 870 1156 951 δεξιάν
1178 871 1283 956 ἐκείνην
1302 869 1388 934 τοῦδ

281 974 421 1060 πλήττειν
441 972 612 1058 ἀπάγοντος
634 977 688 1040 κατ’
708 972 788 1056 πρὸς
807 971 844 1037 τὸ
859 976 939 1057 δρᾶν
952 973 1164 1056 ἐκτεινομένην
1182 972 1358 1052 ἐπέχοντος.

280 1073 340 1154 ὀψὲ
360 1076 397 1141 δέ
416 1073 591 1154 ποτεμετά
612 1071 728 1158 πολλήν
760 1076 818 1137 τοῦ
838 1074 950 1160 ξίφους
973 1073 1175 1137 ταλάντουσιν
1193 1067 1249 1154 τήν
1266 1077 1360 1154 χεῖρα

280 1172 468 1258 κατενεγκών
492 1174 508 1236 δ
531 1171 694 1240 Μακεδών
713 1175 789 1260 διχῇ
807 1171 861 1239 τὸν
880 1169 1120 1238 Κωνσταντινου
1139 1167 1258 1253 θυρεόν
1277 1172 1361 1235 deor·

280 1281 345 1356 ρεῖ,
368 1272 478 1358 χρῆμά
498 1298 529 1339 τι
547 1276 689 1358 πέλωρον
713 1265 790 1337 ὄντα
812 1273 868 1338 καί
892 1265 1033 1354 άτεχνιὸς
1050 1267 1239 1355 Ἑκτόρειον·
1282 1266 1362 1353 πρὸς

279 1365 355 1458 ὅπερ
372 1372 524 1453 Ῥωμαῖοι
543 1377 603 1455 μέν
622 1367 818 1457 ἐπηλάλαξαν
845 1369 926 1452 μετά
944 1372 1092 1454 πλείστης
1113 1367 1152 1452 δή
1171 1372 1227 1454 τής
1247 1365 1359 1452 ἕκπλή-
1372 1391 1411 1432 το

279 1476 375 1552 ξεως,
407 1470 424 1534 δ
453 1474 480 1536 δ’
497 1470 663 1556 Ἀρμὲνιος
693 1470 728 1537 τὰ
751 1467 966 1560 φυλακτήριον
988 1464 1083 1534 ὅπλον
1102 1465 1202 1542 οὕτως
1219 1469 1360 1544 ἀέλπτως

279 1564 531 1654 άιιοβαλόμενος,
551 1575 662 1655 μηκέτι
681 1576 789 1652 μένειν
809 1572 865 1635 ἐπὶ
882 1573 942 1634 τοῦ
961 1570 1153 1651 μεταιχμιλνυ
1176 1569 1361 1648 δυνάμενος,

279 1668 356 1734 ποσί
374 1667 433 1752 τήν
459 1671 619 1755 σωτηρίαν
652 1672 797 1755 ἐπρίατο,
830 1667 1062 1752 έπσναδραμιδν
1091 1669 1137 1742 εἷς
1168 1666 1203 1732 τδ
1222 1666 1362 1751 γήλοφον

280 1767 323 1842 ὥς
342 1765 398 1832 τὸν
418 1767 491 1854 περί
522 1771 632 1853 ψυχῆς
650 1773 772 1853 τρέχων
795 1765 854 1834 cdv
875 1767 1009 1855 δξυτέριρ
1031 1767 1202 1851 ὁρμήματι.
1244 1769 1303 1832 τοῦ
1322 1767 1362 1831 δέ

245 1869 393 1930 Βλοιποῦ
427 1864 508 1930 κατά
535 1864 646 1950 χώραν
673 1870 778 1948 μένων
798 1860 870 1931 οάτε
894 1865 1060 1947 Ῥωμαίων
1091 1864 1341 1951 κατεφρυάττετο
1348 1866 1412 1946 ,15

278 1956 352 2030 οὔτε
370 1962 435 2049 μήν
448 1967 481 2041 ἐς
501 1967 556 2030 τὸν
577 1960 697 2032 ἄνακτα
717 1968 772 2030 καί
789 1965 825 2030 τά
847 1969 935 2047 γένος
953 1968 1184 2050 θρασυστομεῖν
1207 1969 1359 2048 σαπρολο-

276 2065 347 2146 μίας
368 2063 450 2130 ἱέναι
483 2068 636 2150 προέθετο
665 2069 801 2147 βέλεμνα
826 2064 859 2129 έν
889 2066 934 2153 τῷ
965 2063 1003 2130 τά
1034 2067 1127 2147 χειλη
1146 2065 1260 2129 τείνειν
1280 2060 1358 2128 κατά

276 2163 392 2246 νευράν
411 2166 467 2231 καί
493 2163 567 2238 τοὺς
603 2159 735 2238 ὀδόντας
756 2165 834 2229 ὥσεί
852 2161 938 2241 τόξον
961 2165 1137 2228 διατιθέναι
1156 2165 1285 2246 κέρασιν
1302 2161 1358 2245 άρ-

277 2262 457 2341 μοζόμενον.
506 2263 675 2346 ἐρωτηθείς
704 2266 739 2326 δὲ
760 2261 839 2346 πρὸς
868 2266 928 2327 τοῦ
947 2266 1102 2342 βασιλέως
1123 2260 1140 2325 o‘
1161 2255 1361 2327 Μακεδώνὸ

277 2383 309 2422 τι
329 2360 412 2444 δρῶν
441 2357 495 2422 κοιί
513 2361 734 2441 διανοούμενος
761 2363 818 2444 τήν
841 2363 899 2440 μὲν
926 2369 1019 2442 χεῖρα
1039 2359 1186 2434 πολλάκις
1206 2359 1411 2425 άνέτεινενεο

277 2451 321 2533 οὖς
341 2455 464 2542 πλήξων
495 2455 550 2524 τάν
571 2455 800 2539 ἀνθιστάμενον
807 2506 818 2537 ,
840 2458 885 2543 Ι’τδ
907 2462 944 2524 δὲ
964 2459 1054 2545 ’ξίφος
1073 2455 1158 2538 ἅπαξ
1177 2458 1359 2543 κατήνεγκε,

276 2555 392 2622 σκοπδν
414 2551 500 2622 εἶναι’
525 2557 555 2623 οἱ
585 2556 639 2622 διά
666 2561 741 2638 μιᾶς
766 2555 865 2644 ἔφατο
888 2561 944 2624 τοῦ
965 2560 1077 2647 ξίφους
1096 2562 1281 2644 καταφορᾶς
1300 2555 1358 2641 τήν

277 2654 396 2720 doside
419 2659 473 2720 καί
488 2655 544 2722 τδν
564 2655 662 2742 ου’τήν
683 2657 836 2740 ἀνέχοντα
851 2659 963 2724 διελεῖν
981 2660 1164 2744 Ἀρμένιον·
1185 2655 1229 2732 ὥς
1248 2661 1278 2722 δ’
1291 2658 1371 2722 ίπι-Κ

276 2757 362 2832 τελὲς
384 2754 441 2819 oda
460 2747 525 2838 εἶχε
546 2754 581 2821 τό
604 2756 806 2838 ἐννοούμενον
828 2756 882 2823 διά
905 2757 939 2822 τὸ
961 2757 1006 2842 μή
1027 2760 1061 2826 ἐν
1079 2759 1149 2846 χρῷ
1169 2758 1223 2824 τὸν
1242 2752 1356 2844 διάφο-

277 3025 385 3088 perator
402 3031 465 3070 vero
484 3019 514 3069 in
532 3017 680 3071 Macedone
707 2997 783 3090 spelm
797 3021 866 3072 adeo
886 3021 989 3072 nullam
1008 3019 1145 3084 babebat,
1163 3027 1195 3072 ut
1211 3035 1274 3072 eum
1294 3035 1357 3072 era-

253 3085 368 3140 'surum
395 3105 454 3140 esse
484 3089 556 3140 clara
578 3106 643 3141 voce
667 3099 785 3158 negaret
814 3093 936 3161 quamvis
954 3100 1046 3143 autem
1066 3091 1259 3144 Constantinus
1279 3099 1356 3144 tanto

278 3160 380 3229 impetu
398 3160 564 3211 Eustratiurn
589 3168 713 3227 urgeret,
741 3170 832 3212 tauron
849 3162 966 3213 eundem
986 3163 1099 3213 llomani
1117 3162 1356 3214 acclamationibus

278 3229 481 3292 confirmabant,
501 3239 530 3282 et
550 3238 580 3281 ut
599 3232 717 3282 vicissim
736 3232 830 3283 feriret
845 3232 951 3284 hortem
968 3233 1159 3285 admonebant.
1178 3234 1201 3284 ia
1215 3249 1279 3284 vero
1296 3249 1357 3284 sae·

277 3317 311 3368 pe
332 3301 401 3353 elato
422 3319 503 3353 uranu
523 3302 600 3371 quasi
618 3318 807 3370 percussurus,
825 3312 932 3372 praeter
949 3305 1165 3372 expectationem
1183 3303 1297 3355 eandem
1315 3321 1357 3355 re-

279 3369 418 3432 trahebat,
437 3372 510 3424 baud
535 3389 611 3424 secus
630 3389 661 3422 ac
684 3373 707 3423 si
731 3374 920 3442 praestigiator
946 3374 1081 3443 quispiam
1108 3375 1229 3426 dextram
1246 3373 1281 3424 ab
1301 3375 1357 3427 ictu

278 3447 412 3491 averteret
429 3450 458 3492 et
477 3441 513 3492 ad
530 3443 634 3495 lacinus
652 3451 772 3513 paratam
791 3445 956 3512 reprimeret
977 3444 1188 3496 tandemenrem
1206 3445 1254 3496 diu
1273 3444 1358 3496 libra-

277 3518 334 3562 tum
354 3509 391 3560 ita
414 3510 443 3560 in
461 3511 633 3566 Constantini
658 3515 692 3564 cli
715 3531 775 3564 eum
801 3515 926 3584 impegit,
949 3516 1086 3582 ingentem
1105 3516 1183 3566 illum
1201 3514 1313 3585 quidem
1331 3522 1360 3567 et

277 3579 358 3649 plane
384 3579 562 3644 Hectoreum,
590 3593 621 3635 ut
644 3531 764 3636 medium
791 3583 943 3637 dissereret.
964 3585 1004 3635 'ad
1030 3584 1104 3656 quod
1126 3586 1227 3637 iactum
1246 3587 1358 3637 Romani

277 3667 337 3702 curn
355 3665 450 3718 magna
467 3649 645 3704 admiratione
670 3657 860 3707 exclamarunt.
905 3657 1046 3708 Armenius
1065 3673 1128 3708 vero
1145 3657 1233 3726 clipeo
1252 3666 1358 3726 praeter

278 3736 351 3788 apem
370 3720 500 3782 nudatus,
521 3737 582 3772 cum
598 3739 654 3775 uon
672 3727 787 3796 sinplius
805 3727 835 3778 in
848 3727 963 3796 planitie
979 3744 1090 3779 manere
1106 3735 1212 3796 posset,
1233 3728 1295 3795 suga
1315 3744 1359 3780 aa·

277 3791 363 3841 lutum
385 3789 527 3859 quaesivit,
546 3799 575 3842 et
591 3801 623 3842 ut
638 3794 773 3864 incapitir
791 3798 922 3867 periculo,
944 3815 1039 3867 magna
1058 3813 1118 3848 curn
1136 3797 1311 3850 festinatione
1329 3799 1359 3850 in

277 3862 411 3912 tumulum
430 3878 458 3911 se
477 3861 585 3931 recepit
604 3862 732 3935 deinceps
759 3884 820 3918 vero
841 3885 889 3919 suo
909 3869 968 3919 loco
989 3883 1099 3920 manens
1118 3883 1208 3938 neque
1227 3871 1359 3920 Romanos

279 3931 443 4002 contempsit
466 3947 556 4002 neque
582 3933 610 3983 in
635 3934 824 4004 imperatorem
855 3947 884 3990 ct
910 3955 993 4006 genus
1014 3938 1072 3988 eiua
1090 3939 1211 3990 convicia
1229 3948 1360 4007 tanquam

279 4001 473 4054 obscoenitatis
500 4019 564 4054 auae
582 4004 690 4072 sagittas
710 4009 781 4072 iecit.
823 4007 937 4059 Macedo
956 4015 1045 4059 sutem
1064 4016 1171 4076 rogatus
1189 4009 1224 4060 ab
1243 4011 1360 4077 impera-

278 4081 338 4124 tore
355 4089 408 4140 quo
428 4073 540 4124 coneilio
559 4091 667 4135 maurim
685 4080 792 4148 saepius
808 4079 962 4129 sustulisset
979 4079 1056 4147 quasi
1072 4095 1246 4148 percursurus
1265 4077 1362 4129 adver-

280 4143 392 4204 sarium,
416 4158 447 4194 ac
477 4161 559 4195 urium
586 4143 717 4200 ‹ltrntaxat
734 4149 816 4200 ictum
836 4149 986 4209 intulisset¹
1014 4149 1067 4200 sibi
1088 4151 1255 4220 propositum
1276 4148 1360 4199 fuisse

280 4213 420 4286 respondit
437 4231 490 4270 uuo
510 4217 564 4268 ictu
587 4226 614 4270 et
632 4218 750 4289 clipeum
768 4227 795 4272 et
810 4219 965 4272 Armenium
982 4218 1133 4289 dissecare;
1150 4219 1225 4291 quod
1245 4237 1305 4272 cum
1325 4218 1360 4270 ad
