3017 4892
301 291 387 403 872
585 312 742 380 waren
773 309 1086 378 enormioris

296 490 353 533 acc
380 466 555 531 mehercule
582 469 650 530 siue
684 487 785 532 causa.
811 487 882 528 uam
904 487 941 527 ex
961 463 1154 528 affectatione
1174 463 1287 526 nescio
1312 470 1419 532 cuim

296 551 452 614 insolentia
472 550 640 634 elegantiae
662 562 694 612 et
773 547 850 612 ticae
871 549 1012 610 dictionis
1033 547 1241 612 aemulatione
1262 549 1301 610 in
1326 553 1423 615 sale·

294 635 367 698 bras
385 655 477 716 saepe
498 633 630 714 incidit3
651 643 685 696 et
727 635 811 712 uris,
835 653 875 694 ne
894 632 1007 714 ineptis
1028 632 1150 710 dicam,
1171 633 1277 692 utitur
1305 647 1421 696 meta-

296 718 425 800 phoris,
461 717 493 778 in
528 717 693 779 Prooeuiio
723 719 920 798 praesertim,
954 715 1008 776 ubi
1038 715 1240 796 cumprimis
1262 716 1420 780 disertas

295 799 394 863 videri
415 804 507 882 cupit
527 801 636 882 quodsi
667 809 764 862 totam
783 799 942 860 historiam
961 798 1051 858 simili
1073 801 1215 860 oratione
1236 799 1414 862 involvis·

295 896 359 961 set,
394 885 424 945 in
444 886 599 946 Latomiae
624 884 669 946 ire
693 905 785 964 quam
818 881 962 943 molestiis
983 883 1187 942 conversionis
1220 881 1418 944 conflictari

297 966 481 1028 maluissem.
509 967 563 1028 sed
583 966 655 1050 quia
684 965 884 1027 tolerabiliter
903 965 988 1046 loqui
1009 965 1117 1047 incipit
1139 985 1236 1046 mum
1257 967 1304 1026 ad
1332 989 1413 1029 rem

298 1050 396 1133 ipsam
423 1060 547 1114 ventum
569 1060 639 1129 cst,
668 1047 748 1110 hanc
776 1068 902 1132 quoque
928 1067 1055 1128 operam
1076 1047 1219 1109 studiosis
1243 1047 1413 1112 historia-

299 1153 372 1195 rum
400 1132 475 1194 dare
503 1134 611 1207 volni,
640 1142 682 1193 nt
707 1134 848 1194 Zonarae
874 1151 951 1213 opus
979 1129 1037 1192 hac
1069 1130 1236 1212 appendice
1269 1130 1412 1212 plenius

298 1215 501 1294 redderetur,
521 1219 557 1278 ca
578 1225 681 1277 tamen
716 1214 859 1276 libertate
880 1225 1025 1296 usurpata
1045 1224 1081 1274 nt
1101 1217 1266 1274 sententias
1285 1227 1412 1277 aucto-

299 1302 344 1360 ris
371 1298 562 1380 appendam,
587 1300 685 1362 verba
712 1317 919 1361 annumerare
947 1317 1010 1358 non
1036 1317 1158 1359 neceam
1192 1296 1345 1364 habeam.
1368 1309 1411 1360 ut

300 1391 404 1443 autem
435 1381 466 1442 in
497 1379 552 1443 illo
572 1382 648 1460 feci,
680 1381 724 1442 ita
741 1382 793 1442 hic
821 1383 914 1444 etiam
942 1380 1122 1442 obscuriora
1148 1379 1214 1441 loca
1236 1389 1268 1440 et
1289 1385 1409 1444 varias

196 1471 224 1526 P.
240 1464 445 1544 traiectiones
466 1465 634 1528 annotabo.
662 1485 736 1527 usus
755 1465 839 1526 enim
858 1463 908 1524 hic
929 1483 1050 1546 qnoque
1071 1483 1138 1525 sum
1159 1462 1284 1524 duobus
1309 1467 1406 1526 codi-

301 1547 411 1626 cibus,
433 1569 565 1630 quorum
597 1547 729 1610 alterum
750 1547 791 1608 D.
814 1547 941 1608 Antonii
960 1547 986 1607 F
990 1549 1108 1630 aggeri,
1130 1545 1263 1608 alterum
1285 1546 1407 1608 herilis

301 1629 488 1694 bibliotheca
509 1631 721 1713 suppeditavit.
743 1633 870 1716 accessit
890 1629 1035 1706 tandem,
1059 1638 1096 1691 ut
1116 1630 1149 1689 in
1170 1630 1295 1690 Zonara
1319 1652 1407 1714 quo-

300 1735 380 1796 que,
411 1723 534 1794 praeter
556 1717 796 1796 expectationem
823 1733 939 1791 meana,
970 1712 1081 1775 tertius
1109 1712 1316 1795 Augustanae
1356 1717 1404 1775 rei

300 1795 443 1883 publicae
461 1795 582 1870 codex,
606 1807 747 1860 vetustus
767 1795 954 1868 admodum,
978 1795 1132 1878 principio
1152 1807 1183 1857 ct
1213 1794 1277 1857 line
1298 1798 1405 1858 nanti·

301 1881 375 1956 lns,
399 1900 455 1940 nec
478 1878 604 1963 reliquis
626 1881 766 1962 partibus
796 1881 911 1964 ubique
939 1879 1108 1945 incolumis.
1133 1879 1187 1962 qui
1217 1879 1402 1963 siintcger
1477 1925 1478 1944 ι

301 1962 430 2041 fuisset,
465 1983 537 2024 eum
555 1961 658 2026 solum
676 1975 707 2025 et
734 1965 766 2024 in
790 1961 985 2026 exscribendo
1007 1971 1040 2025 et
1057 1963 1090 2022 in
1110 1961 1326 2023 convertendo
1347 1983 1399 2024 se.
1477 1961 1478 2014 i

302 2059 393 2109 cutus
426 2066 541 2108 eoem:
575 2047 698 2110 videtur
725 2045 806 2110 enim
828 2068 863 2108 ex
894 2065 1043 2128 germano
1063 2045 1198 2107 auctoris
1222 2045 1401 2128 archetypo

303 2129 387 2194 bona
409 2129 469 2190 lide
490 2130 678 2212 descriptus,
702 2139 736 2192 et
757 2151 823 2192 eam
837 2126 1063 2211 simplicitatem
1086 2147 1162 2210 prae
1180 2149 1214 2190 se
1233 2127 1298 2189 fert
1316 2150 1401 2212 qnae

304 2214 340 2273 in
360 2211 419 2274 hac
447 2213 606 2294 prooemio
632 2215 838 2296 promittitur,
868 2233 909 2274 ne
928 2211 1068 2274 barbaris
1089 2210 1212 2294 quidem
1235 2211 1400 2274 vocabulis
1477 2289 1478 2292 Ἴ

306 2296 446 2371 evitatis,
477 2317 556 2376 quae
587 2317 676 2358 causa
695 2296 763 2358 aliia
783 2297 876 2358 fuisse
896 2295 1018 2356 videtur
1041 2305 1076 2355 nt
1094 2293 1296 2377 paraphrasin
1324 2297 1399 2372 (uti-
1477 2295 1478 2310 ¹

307 2397 381 2438 nam
413 2379 515 2440 minus
543 2377 723 2459 affectatam)
747 2379 840 2441 huius
870 2379 971 2460 operis
990 2377 1182 2440 scribendam
1203 2381 1400 2459 susceperint

307 2458 398 2520 etde
427 2479 484 2520 sno
504 2482 565 2520 non
587 2483 683 2544 pauca
706 2463 863 2524 ornandae
886 2464 1033 2524 orationis
1052 2481 1126 2544 ergo
1146 2459 1338 2522 addiderint.
1366 2462 1397 2522 in

306 2541 478 2626 Byzantion
498 2543 602 2605 codice
628 2567 692 2606 non
711 2545 805 2606 modo
838 2543 1009 2627 complures
1029 2565 1153 2623 versus,
1177 2541 1231 2604 sed
1252 2542 1397 2626 plur-ihus

307 2625 342 2685 in
362 2622 439 2685 locis
458 2625 550 2686 etiam
572 2625 691 2709 integra
716 2626 806 2708 solia,
837 2649 934 2710 eaque
956 2625 1013 2690 suh
1032 2628 1123 2688 linem
1143 2628 1246 2708 operis
1265 2629 1395 2710 amplius

306 2705 389 2784 XV,
410 2705 600 2788 delueruat3
621 2731 700 2792 quae
718 2730 777 2792 ego
797 2732 832 2772 ex
862 2711 967 2774 herilis
990 2710 1193 2772 bibliothecae
1212 2708 1320 2772 codice
1342 2709 1396 2771 de·

306 2786 473 2852 scribenda
492 2793 600 2853 curavi
627 2805 657 2855 et
687 2796 844 2869 converti,
864 2797 961 2856 tutius
980 2815 1043 2856 esse
1063 2806 1147 2856 ratus
1167 2813 1395 2874 supervacanea

308 2871 424 2936 addere
441 2895 534 2956 quam
547 2877 646 2939 minus
658 2877 826 2938 necessaria
843 2878 1095 2959 praetermittere,
1118 2877 1300 2958 praesertim
1322 2897 1394 2938 eum

307 2967 446 3018 vetustus
466 2980 589 3042 quoqne
609 2959 704 3024 codex
724 2959 845 3024 easdem
863 2981 931 3042 rea,
958 2961 1031 3023 licet
1051 2961 1171 3022 diverso
1190 2979 1304 3042 genere
1321 2981 1392 3021 ora·

308 3040 422 3115 tionis,
442 3045 625 3106 contineret.

394 3121 434 3185 Ρ.
448 3123 481 3200 d,
493 3123 525 3204 4.
547 3125 754 3206 πολυπειρίας
766 3118 974 3190 ὑποτιθέασιν
986 3120 1112 3209 ὁπόσοι]
1134 3124 1314 3207 ambiguum
1333 3135 1390 3199 est,

308 3215 415 3268 unum
441 3205 591 3271 historiae
616 3208 1054 3292 multiplicemexpcrientiam·
1072 3230 1179 3272 eorum
1199 3211 1253 3292 qui
1277 3211 1393 3292 magnis

307 3290 438 3370 ingeniis
451 3289 582 3372 praediti
598 3303 690 3376 atque
702 3292 744 3354 ah
766 3296 827 3376 ipsa
842 3305 955 3355 natura
976 3293 1015 3354 ad
1037 3292 1133 3355 decus
1152 3303 1183 3354 et
1201 3291 1391 3356 honestatem

310 3371 497 3436 conformati
524 3386 596 3436 sunt
614 3387 802 3459 proponant,
833 3399 871 3438 an
892 3398 968 3439 vero
988 3375 1125 3438 homines
1144 3377 1294 3459 ingeniosi
1314 3377 1392 3438 dun-

309 3464 395 3516 taxat
414 3468 445 3517 et
464 3458 586 3522 virtutis
609 3471 746 3524 amantes
766 3460 853 3524 varia
864 3458 1000 3544 exempla
1019 3459 1065 3522 rei
1084 3459 1163 3522 hene
1184 3459 1338 3544 gerendae
1358 3481 1390 3522 er

309 3534 449 3600 historiis
475 3553 579 3622 petere
610 3540 736 3608 soleant.
768 3545 922 3606 incertum
953 3546 1035 3608 enim
1056 3553 1121 3618 est,
1141 3553 1245 3606 utrum
1267 3539 1390 3623 poetri

310 3613 519 3684 alnorctla'nnw
538 3624 827 3709 subintelligendum
847 3629 887 3688 sit
905 3625 1031 3689 ἐκείνων
1049 3647 1090 3688 an
1112 3623 1250 3698 ἐκείνοις.
1270 3627 1390 3688 somne
1477 3629 1478 3708 J

310 3705 455 3783 scriptori
475 3705 667 3790 Thucydidis
690 3709 826 3772 salebrae
844 3711 1050 3792 placuerunt,
1072 3709 1127 3795 qui
1146 3708 1272 3771 oracula
1291 3709 1390 3792 potius
1477 3709 1478 3738 ³

309 3805 402 3869 quam
425 3785 583 3854 historiam
601 3793 794 3856 scribendam
818 3792 957 3876 suscepit.

393 3869 431 3932 P.
452 3872 486 3949 4,
511 3872 559 3954 td.
601 3875 658 3938 τοῦ
683 3876 742 3953 μὲν
771 3875 803 3946 ἐς
824 3867 903 3960 ᾅδου
922 3876 1054 3956 βέβηκεν
1084 3869 1105 3954 ἧ
1133 3885 1204 3953 way,

1267 3874 1388 3936 imitatio
1477 3919 1478 3922 ,

310 3952 477 4015 Homerica
500 3959 614 4037 magis,
635 3954 725 4040 ψυχὴ
749 3950 925 4022 δ’ὔϊδόσδε
946 3959 1074 4042 βέβηκε,
1095 3980 1188 4039 quam
1207 3867 1386 4022 dinastiam.
1477 3989 1478 4016 ι

309 4058 506 4122 querengo,
528 4042 645 4103 evitatis
667 4053 816 4126 quantum
845 4041 931 4103 licuit
952 4042 1118 4104 istiusmodi
1139 4043 1279 4121 ineptiis,
1302 4062 1387 4123 repo·
1477 4051 1478 4060 ’

309 4123 357 4182 aui
380 4143 416 4183 ea
441 4143 520 4206 quae
540 4144 597 4183 nec
617 4146 635 4184 a
659 4127 810 4207 religione
839 4145 895 4186 nec
915 4123 955 4186 ab
977 4126 1087 4187 usitata
1109 4123 1254 4206 loquendi
1273 4127 1387 4186 ratione
1477 4143 1478 4198 t

309 4202 478 4270 abhorrere
512 4205 703 4273 ridebantur.
734 4207 895 4272 consilium
929 4229 1030 4272 nterim
1065 4207 1163 4270 doctis
1195 4221 1226 4272 et
1257 4207 1387 4276 madidis
1477 4239 1478 4284 ι
