3017 4892
466 320 667 387 rousuuss
696 323 929 390 comnenus.
1089 392 1092 396 ,
1181 303 1235 416 ly

147 502 214 544 τιον
235 480 403 557 συνέλεγε,
426 471 482 536 καί
500 473 600 536 ταῦτα
621 473 787 549 διαδιδοδς
806 473 860 538 καί
874 475 1042 556 Ῥωμαίοις
1062 477 1139 560 μέν,
1161 471 1238 541 dud-

146 599 203 642 σοι
234 577 440 660 κοντοφορεῖν
471 561 612 656 ᾔδεσαν,
641 577 707 646 τοῖς
736 573 769 634 δ’
787 573 823 636 ἔκ
852 573 912 638 τῶν
931 577 1079 640 Λατίνων
1097 571 1238 656 μάλιστα

147 678 386 757 δεξιοστροφεῖν
415 670 637 748 ἐπισταμένοις
670 669 823 754 δοράτια,
848 670 984 737 οἱνθίστα
1012 674 1143 752 τούτους
1171 682 1238 750 τοῖς

146 771 312 852 πολεμίοις
330 771 388 832 καί
408 775 541 852 παρεῖχε
560 765 708 849 γενναίως
744 768 937 851 οἱντιμαχεῖν.
977 771 1009 836 οἱ
1028 772 1064 838 δέ
1081 769 1138 848 τιὶς
1158 771 1236 855 μετιὶ
1246 785 1276 842 V.
1290 807 1323 863 ¹9

115 873 276 950 ὄξνσταὶν
299 865 465 941 ἐπελάσεις
487 865 610 930 ’τούτων
640 868 773 948 ἐνεγκεῖν
800 867 856 930 οὐκ
877 866 999 951 ἔχοντες
1034 869 1112 955 πρὸς
1132 870 1238 957 puysie

148 967 395 1052 μεθηρμόζοντο.
444 962 559 1041 ἱκανῶς
592 965 651 1044 μὲν
677 957 732 1029 οὖν
754 963 808 1028 διιὶ
821 981 825 988 “
840 967 902 1031 τῶν
920 967 1070 1034 τοιούτων
1087 967 1237 1053 μεθόδων

146 1067 207 1132 stul
226 1071 284 1131 τοῦ
314 1068 481 1140 πλείστους
513 1060 562 1130 δτι
580 1063 720 1145 μάλιστα
741 1069 803 1128 τῶν
822 1068 927 1144 πεζῶν
949 1067 1090 1151 σημαίας
1111 1064 1269 1153 ιὶνέχεινῑ)

148 1170 196 1242 είς
213 1163 354 1252 ἔμφασιν
374 1161 504 1227 ἱππικοῦ
523 1161 665 1239 πλείονος
684 1161 740 1239 τὰς
760 1163 925 1250 Περσικὰς
946 1163 1131 1244 ἀναστείλας
1148 1165 1237 1249 iios,

148 1267 204 1331 ε’πί
227 1260 480 1346 Νεοκαιοαρείας
509 1261 584 1332 ἵετο.
638 1261 753 1326 πολλαί
774 1264 810 1326 δέ
830 1260 886 1326 καί
904 1267 979 1348 περί
999 1265 1099 1351 ον’τῆν
1115 1265 1233 1347 μεταξ“

102 1384 139 1426 so
150 1367 291 1446 Περσῶν
321 1359 376 1426 καὶ
405 1360 579 1444 Ῥωμαίων
597 1359 851 1446 ε’τολυπεὺθησαν
871 1364 1059 1443 ονμπλοκαί.
1098 1365 1156 1430 καί
1174 1366 1237 1430 ταῖν

147 1467 207 1528 τοῦ
226 1465 383 1542 βασιλέως
401 1457 480 1524 υἱοῖν
502 1459 519 1522 o‘
542 1458 689 1544 νεοὲτερος
706 1459 877 1548 (Μανοοηλ
898 1456 995 1545 ὄνομα
1015 1461 1130 1552 τούτῳ)
1156 1463 1235 1552 δόρυ

149 1557 369 1644 διαβαοτιὶσας
404 1563 460 1624 καί
490 1555 605 1634 ἱκανῶς
625 1559 806 1644 προελθών,
827 1564 886 1626 τοῦ
905 1559 1022 1645 πατρδς
1039 1561 1154 1640 εἰδότος
1173 1591 1234 1649 μη-

147 1660 224 1742 δέν,
246 1667 314 1734 τοῖς
342 1661 504 1738 πολεμιόις
529 1659 655 1740 ἐνέβαλε
662 1711 672 1742 ,
695 1662 752 1724 καί
770 1658 804 1725 εἱ
825 1657 916 1745 ἔργον
933 1664 1024 1727 τοδτο
1043 1663 1102 1726 τοῦ
1121 1665 1234 1748 μείρα-

147 1783 201 1836 κος
220 1759 430 1844 παρωρμήκει
448 1755 563 1839 σχεδὸν
592 1751 677 1821 ἅπαν
699 1755 734 1821 τὸ
758 1757 940 1844 στράτευμα
960 1758 1016 1824 καί
1036 1760 1117 1846 δπέρ
1139 1764 1234 1844 ἰσχίον

104 1857 392 1942 ιὸιὶγωνιὶτασθαι,
421 1861 513 1921 τινοῖν
532 1857 591 1937 μὲν
610 1858 643 1930 ἐς
663 1857 715 1921 τὸν
736 1850 844 1938 ἱὶμοιον
866 1861 961 1941 ζῆλον
980 1860 1234 1949 διαναστάντων,

146 1961 210 2024 τῶν
231 1959 263 2022 δ’
283 1948 389 2020 ἄλλων
411 1953 555 2019 ἁπάντων
584 1953 757 2019 δεισάντων
776 1959 851 2040 περί
866 1957 911 2042 τῷ
932 1959 1045 2038 παιδί,
1066 1957 1122 2020 καί
1141 1963 1235 2040 βασι-

145 2063 199 2122 λεῖ
215 2052 465 2140 χοριεΐσθαιτιὶ
483 2058 614 2138 μέγιστα
641 2054 812 2138 οἰηθέντων
832 2055 862 2117 εί
885 2058 1109 2140 συναραμένων
1130 2057 1236 2122 αὐτῶν

146 2157 299 2238 εδδαμιὸς
318 2178 351 2218 τι
371 2151 453 2237 πρὸς
471 2155 533 2218 rats
546 2153 704 2234 πολεμίων
728 2151 846 2216 έσεῖται
864 2152 1028 2228 πεπονθώς
1048 2153 1154 2238 αἠδές.
1177 2159 1235 2220 α’λ·

146 2252 187 2320 λοὶ
210 2249 282 2320 τότε
304 2256 364 2336 μὲν
385 2246 403 2314 δ
425 2251 525 2336 πατὴρ
547 2255 686 2340 ἐπαίνοις
716 2248 771 2316 τὸν
790 2253 890 2316 παῖδα
910 2251 1075 2337 προδήλως
1094 2252 1233 2337 η’μείψα-

104 2377 198 2420 εοτο·
241 2348 376 2434 ὕστερον
402 2352 439 2415 δὲ
463 2349 520 2434 την
539 2347 653 2435 οκηνην
687 2346 795 2414 είσιοὶν
820 2355 924 2435 πρηνῆ
945 2353 1083 2416 καθέντα
1104 2354 1146 2417 δι’
1166 2353 1313 2441 dil-Pal

146 2478 205 2538 yon
234 2451 353 2530 ἔτυψεν
385 2449 428 2526 οἱς
454 2447 653 2536 θρασύτερον
682 2453 802 2531 μᾶλλον
837 2444 1123 2536 ἢεδτολμότερον,
1157 2455 1234 2536 μηδ’

146 2554 376 2638 ἐπιτρέψαντος
394 2548 496 2614 arisati
514 2550 731 2630 συμπλακέντα
752 2557 816 2622 τοῖς
836 2547 999 2624 ἐναντίοις.

238 2674 286 2714 ro.
318 2642 411 2724 Ἴσως
431 2651 458 2712 δ’
481 2642 522 2713 dv
555 2649 610 2710 καί
627 2651 682 2731 τῆς
709 2649 950 2731 Νεοκαισαρέοον
970 2646 1121 2734 ἐκράτησε
1138 2653 1233 2735 βασι-

219 2784 245 2818 s.
263 2767 298 2820 ἐκ
318 2767 383 2838 τείν]
402 2767 617 2823 ἐπιπλέοντοῖς
642 2763 791 2836 ηιριίγγοις
809 2767 836 2816 Β.
904 2770 933 2820 6.
951 2767 1069 2820 τοιῶνδε
1086 2769 1117 2820 Α.
1206 2789 1231 2840 η.

220 2841 275 2891 τοῦ
291 2836 451 2909 πλείστους]
469 2828 499 2888 sd
523 2835 656 2891 διδοῦναι
683 2836 837 2906 φλάμοολα
853 2843 913 2896 τοῖς
944 2840 1041 2899 πεζοῖς
1068 2837 1106 2895 οἷς
1131 2841 1233 2907 κοβαλ-

219 2911 334 2978 λαρίοος
353 2911 511 2976 φαίνεσθαι
529 2907 558 2958 Β.
628 2911 653 2962 8.
672 2898 896 2983 1λας]φοριὶςΑς
969 2926 1007 2961 ss.
1028 2906 1109 2979 δδρν]
1129 2909 1232 2962 sarasi-

222 2995 302 3049 ριον,
319 2986 350 3029 nt
360 2979 430 3031 solet
442 2980 470 3029 Β.
539 2989 581 3030 ao.
598 2973 651 3042 την
671 2967 788 3050 σκηνὴν]
809 2979 849 3034 είς
865 2994 915 3042 την
931 2977 1029 3030 τένταν
1041 2979 1132 3033 odensi
1143 2980 1232 3032 edati·

218 3047 284 3104 θδν
302 3047 436 3106 cinisium
454 3051 556 3102 τοῦτον
572 3048 620 3100 ssu
637 3051 688 3118 γῆς
704 3044 774 3117 μετὰ
796 3041 902 3120 ῥάβδου
916 3047 1001 3116 ἔτυψε
1018 3049 1046 3099 Β.

150 3155 323 3226 potissimum
339 3151 369 3204 in
386 3150 596 3220 circumagendis
615 3149 698 3200 bustis
716 3150 842 3213 dextros,
860 3149 1023 3214 distributis,
1045 3151 1131 3202 aciem
1148 3152 1231 3203 robu-

149 3235 220 3278 stam
235 3224 362 3277 hostibus
381 3222 545 3292 opponebat.
562 3222 687 3292 qui-cum
703 3219 839 3272 hastarum
857 3221 988 3290 impetum
1006 3223 1076 3271 serra
1091 3236 1148 3273 non
1167 3240 1232 3292 poa-

151 3306 227 3360 sent,
247 3297 278 3347 in
296 3295 385 3363 sugam
408 3291 590 3344 vertebantur.
610 3291 651 3342 bis
682 3292 766 3358 igitur
785 3291 905 3354 artibus,
923 3301 951 3342 et
968 3291 1033 3359 quin
1053 3291 1164 3358 plurimi
1181 3311 1231 3363 pe.

151 3367 221 3419 dites
238 3366 338 3418 vexilla
356 3363 528 3416 sustinebant
544 3361 579 3413 ad
597 3362 725 3412 maiorem
746 3362 883 3431 equitatus
902 3361 1020 3429 speciem
1038 3359 1229 3431 praebendam,

152 3437 266 3505 repulsis
296 3435 408 3487 Persicis
429 3435 524 3485 turmis
552 3432 759 3485 Neocaesarians
786 3431 923 3500 perrexit,
954 3431 1031 3482 iuxta
1048 3449 1129 3501 quam
1146 3436 1229 3487 etiam

152 3509 223 3558 inter
239 3509 330 3559 Persas
349 3514 378 3558 et
394 3507 527 3555 Romanos
545 3503 637 3555 crebro
658 3510 699 3554 est
717 3501 891 3563 dimicatum,
910 3509 938 3552 et
954 3501 1123 3571 imperatoris
1137 3505 1230 3558 iunior

151 3577 223 3628 filius
236 3576 363 3639 hismael,
391 3574 495 3626 bustam
514 3581 619 3644 gestans
646 3581 674 3625 et
693 3582 771 3642 patre
789 3571 873 3622 inscio
891 3571 969 3640 longe
989 3589 1161 3643 progressus,
1177 3578 1230 3627 im-

152 3648 316 3717 pressionem
340 3647 371 3696 in
398 3645 492 3696 hostes
520 3646 600 3710 secit;
627 3643 710 3714 idque
740 3642 919 3694 adolescentis
944 3643 1048 3696 thainus
1066 3645 1123 3697 sere
1141 3655 1229 3698 totum

152 3720 297 3770 exercitum
324 3716 359 3767 ad
385 3715 567 3768 dimicandum
593 3715 674 3766 etiam
704 3729 784 3781 supra
801 3714 872 3765 vires
890 3713 1011 3782 impulit,
1029 3715 1091 3766 aliis
1109 3718 1230 3768 aemula-

150 3789 225 3840 tione.
255 3787 394 3850 incitatis,
421 3786 517 3838 ceteris
540 3802 601 3837 vero
630 3781 756 3836 omnibus
782 3783 947 3837 adolescenti
971 3785 1174 3850 metuentibus,
1201 3796 1230 3840 et

151 3859 184 3908 sb
202 3863 367 3928 imperatore
399 3873 428 3908 se
456 3857 596 3908 maximam
622 3854 734 3924 gratiam
752 3854 866 3906 inituros
886 3856 967 3918 ratis,
986 3858 1009 3907 si
1026 3873 1075 3908 sua
1094 3873 1176 3925 opera
1194 3859 1229 3910 ab

150 3932 222 3981 omni
246 3929 369 3980 bostium
393 3928 496 3980 insultu
520 3926 718 3978 defenderetur.
740 3941 771 3974 ac
789 3933 845 3975 turn
863 3935 941 3994 puter
956 3926 1044 3977 filium
1061 3926 1151 3996 palam
1169 3928 1230 3978 lau-

150 3999 228 4052 dibus
252 4007 417 4071 prosecutus
446 4005 494 4049 est.
523 3997 622 4048 deinde
650 4011 713 4047 vero
736 3993 940 4046 tabernaculum
957 3996 1093 4064 ingressos
1114 4014 1229 4065 pronum

148 4071 280 4124 iacentem
298 4068 441 4140 paulisper
458 4067 626 4132 verberavit,
644 4074 677 4116 ut
693 4064 821 4116 atrdaeius
839 4083 921 4136 quum
936 4065 1035 4120 fortius
1054 4068 1158 4120 iniussu
1179 4085 1229 4123 suo

147 4139 237 4196 hostes
255 4141 397 4194 adortum.

217 4232 257 4270 so.
294 4209 425 4266 Forsitan
448 4214 543 4266 autem
565 4207 749 4261 Neocaesarea
775 4205 878 4277 potitus
896 4215 968 4260 esset
993 4207 1159 4276 imperator,
1176 4208 1230 4260 nisi
