3017 4892
272 302 349 404 ιδο
575 327 749 394 urcuuau
777 325 1014 392 cuounuan

266 481 349 566 ζήτει
369 480 422 548 τόν
443 483 600 566 δραπέτην
614 473 822 562 Ἀνδρόνικον.
849 474 925 540 οὐδὲ
939 472 973 541 ai
999 469 1140 562 ύμφοδω
1164 467 1353 562 η’σανοῖδια·

264 577 434 666 σκύπητοι,
457 580 529 644 ούδ’
549 573 728 662 ἀφύλακτοι
759 573 794 642 αἱ
813 577 942 659 τρίοδον.
993 573 1096 658 συχνοὶ
1127 578 1164 642 δὲ
1194 580 1250 642 καί
1268 579 1347 645 κατύ

262 684 369 745 πᾶσαν
404 676 516 763 χιόραν
546 675 588 741 τό
622 677 771 758 βασίλεια
808 677 950 740 διιπτατο
988 657 1160 759 γράμματα
1167 727 1178 758 ,
1209 669 1352 762 ἄφαντον

263 777 493 864 ἀπαγγέλλοντα
522 775 578 841 τόν
599 773 799 856 Ἀνδρόνικον
817 772 873 837 καί
900 772 1016 859 σχολὴν
1049 775 1196 857 ἐπίμονον
1225 775 1351 841 ἐπιτάτ-

262 897 378 958 τοντα,
413 869 498 951 ὅπως
529 871 626 950 ἆλούς
652 875 897 961 ἐπαναπεμφθῇ.
941 871 996 937 ε’πί
1020 871 1058 957 δη
1090 873 1215 950 τούτοις
1243 879 1300 939 καί
1329 869 1380 958 ἧό

261 972 374 1040 τούτου
393 977 615 1061 συλληφθεῖσα
629 969 707 1057 γυνη
726 972 770 1048 σός
788 977 844 1056 τῆς
864 975 968 1059 φυγῆς
983 975 1138 1056 συνίστωρ
1162 975 1207 1061 τῷ
1228 976 1350 1055 δεσμω-

261 1075 359 1163 τηρίῳ
389 1081 653 1160 παραρριπτεῖται
681 1074 715 1138 ἐν
743 1063 826 1161 ᾧπερ
853 1076 1022 1156 καθεῖρκτο
1050 1069 1272 1156 Ἀνδρόνικος,
1305 1071 1351 1150 ὥς

261 1173 363 1240 ἐκεῖσε
381 1176 450 1262 τίνη
485 1173 576 1247 δίκας
595 1172 652 1254 τῆς
672 1172 863 1258 φιλανδρίας
884 1167 963 1235 ἔνθα
986 1168 1004 1234 δ
1025 1169 1144 1253 ταύτης
1162 1173 1351 1255 συνείληπτο

261 1272 415 1355 σύζνγος,
446 1261 472 1360 ᾧ
501 1267 639 1336 ύπὲδετο
671 1269 730 1354 τὴν
763 1273 982 1354 δραπέτεοσιν.
1037 1268 1209 1335 ἐλάνθανον
1228 1273 1264 1334 δὲ
1284 1263 1350 1356 όίρα

262 1369 318 1436 καί
332 1369 535 1455 Ἀνδρόνικον
565 1367 699 1455 πεδήτην
724 1369 769 1446 ὥς
790 1367 942 1455 πρότερον
963 1367 1086 1452 ἔχοντες
1104 1368 1161 1434 καί
1178 1366 1283 1453 μάτην
1302 1372 1397 1446 εἰςιο

261 1477 395 1553 γυναῖκα
415 1469 615 1555 ταλαίπωρον
643 1467 699 1534 τόν
716 1467 814 1552 χόλον
838 1471 999 1551 ἐκχέοντες
1020 1467 1076 1532 καί
1092 1465 1132 1532 τύ
1152 1467 1233 1550 πρός
1253 1464 1348 1550 χύριν

258 1568 447 1657 Ἀνδρονίκῳ
476 1573 657 1644 ποιούντες·
704 1566 859 1648 ἐξαναδύς
887 1567 950 1652 γὰρ
987 1560 1077 1643 οὗτος
1096 1571 1154 1632 τού
1173 1564 1272 1632 θόλου
1294 1566 1349 1632 καί

261 1663 319 1730 τόν
339 1667 499 1749 ύπόνομον
525 1665 711 1743 ἐκλελοιπός
740 1673 781 1755 τῇ
800 1665 926 1749 γυναικί
946 1667 1143 1750 ἐντυγχάνει,
1166 1665 1260 1744 δόξας
1282 1662 1344 1730 ὅσα

260 1767 318 1830 καί
340 1768 463 1848 δαίμων
482 1764 523 1830 τύ
543 1768 652 1851 πρῶτα
682 1764 918 1850 ύπσταρτόριος
940 1760 1099 1849 ἢνεκόων
1122 1762 1275 1849 οἷμενηνόν
1298 1763 1347 1830 ἴν·

261 1869 387 1948 δαλμα,
410 1870 465 1932 καί
485 1865 679 1950 διαταράξας
698 1868 742 1954 τῷ
769 1865 892 1954 uidimus
910 1864 968 1949 τῆς
985 1867 1066 1940 θέας
1086 1862 1144 1949 την
1164 1858 1344 1948 ἄνθρωπον.
1359 1869 1394 1933 ab

182 1963 317 2047 Ρηικαί
344 1967 560 2049 προσπλακείς,
584 1961 739 2051 ἐδάκρυσε
766 1965 845 2044 μέν,
874 1959 957 2047 πλὴν
984 1963 1047 2046 οὐχ
1080 1957 1154 2028 ύσον
1177 1957 1292 2046 ἤθελον
1310 1961 1347 2028 αἲ

259 2067 426 2150 συμφοραί
445 2067 501 2129 καί
519 2061 559 2128 τύ
580 2060 651 2128 τότε
672 2065 815 2148 δυστυχῆ
836 2061 1076 2146 σοναντηματα,
1098 2063 1209 2149 φειδοῖ
1223 2065 1280 2128 τοῦ
1297 2059 1344 2146 μὴ

258 2161 316 2229 τόν
336 2165 454 2248 θρῆνον
478 2167 636 2247 ἀναβῆναι
658 2163 703 2238 εἰς
718 2155 786 2226 airu
806 2169 870 2238 τοῖς
892 2159 1116 2246 δεσμοφύλαξι.
1160 2165 1214 2226 καί
1233 2159 1273 2244 δη
1293 2161 1345 2247 ἐφ’

257 2258 364 2327 ἱκανόν
384 2260 576 2345 σογγεγονιός
596 2265 633 2349 τῇ
653 2255 788 2326 εύνέτιδι
811 2259 890 2326 κατύ
911 2259 969 2345 τὴν
991 2260 1157 2346 φροορόν,
1180 2262 1235 2325 καί
1251 2256 1343 2343 ἐγκύ-

254 2383 339 2443 μονα
358 2357 473 2444 ταύτην
503 2363 539 2426 ἐκ
559 2363 618 2443 τῆς
643 2357 716 2425 τότε
743 2365 912 2434 σονονσίας
942 2358 1217 2443 ἀπεργασόμενος,
1251 2363 1285 2438 ἐξ
1305 2351 1344 2443 ἧς
1352 2388 1393 2432 ao

256 2464 313 2526 ναί
340 2457 456 2536 παιδός
487 2453 617 2544 ἄρρενος
649 2457 780 2524 ἀκούσαι
814 2457 936 2543 πατήρ,
954 2457 1007 2524 τόν
1036 2457 1180 2544 Ἰωάννην
1200 2461 1296 2542 λέγω,
1317 2450 1343 2548 ᾧ

255 2557 311 2626 καί
329 2562 492 2644 βασιλείας
511 2557 710 2644 Ἀνδρόνικος
732 2561 908 2640 μετέδωκεν
929 2556 1057 2640 ἔπειτα,
1078 2557 1123 2635 ὥς
1145 2557 1163 2622 ό
1187 2556 1278 2641 λόγος
1298 2555 1344 2624 εἴ·

254 2683 299 2746 πη
321 2658 399 2725 κατὰ
417 2655 545 2742 καιρόν,
566 2659 689 2723 ἐκεῖθεν
712 2658 884 2744 α’ναχωρεῖ,
905 2652 958 2724 οἷα
977 2665 1041 2724 τῶν
1061 2655 1212 2746 φυλάκων
1231 2660 1344 2743 μηκέτι

255 2760 336 2824 ardui
352 2760 393 2848 τῇ
419 2757 546 2844 γυναικί
576 2759 647 2824 οΐαν
665 2756 721 2822 καί
746 2759 795 2822 ἐπ’
816 2758 902 2847 αύτῷ
921 2762 977 2842 τῆς
1001 2760 1144 2844 φρουροῖς
1165 2758 1343 2842 παρεχομέο

254 2881 318 2924 νων
338 2860 513 2945 οἰκρίβειαν.
552 2857 716 2942 γενόμενος
745 2859 781 2921 δὲ
804 2854 885 2922 sard
909 2856 949 2923 τό
970 2857 1138 2940 μελάγγεια
1158 2852 1392 2937 σολλαμβό-αὸ

328 3035 352 3072 ι.
372 3015 448 3090 οὐδὲ]
466 3016 497 3069 αδ
514 3015 605 3089 (λύμαν
625 3015 675 3081 rit
699 3017 809 3075 πόλεως
834 3015 989 3087 α’γύρεοιοι
1010 3015 1210 3088 εἰπέμεινανΒ.
1315 3020 1341 3071 3.

324 3085 466 3161 ἄφαντον]
485 3087 673 3159 δφανέρωτον
686 3088 715 3140 Β.
806 3092 832 3156 4.
848 3090 899 3139 καὶ
919 3086 975 3161 σχ.]
998 3090 1047 3139 καὶ
1074 3085 1106 3146 dr
1132 3085 1169 3141 δν
1186 3084 1255 3158 εύρη
1274 3092 1343 3140 τοῦ·

324 3175 377 3213 τον
399 3155 415 3222 ἢ
434 3159 559 3231 κρατηση
579 3157 685 3222 αὐτόν,
711 3157 839 3230 μεμίλην
869 3157 976 3229 εδρήση
1001 3156 1148 3226 δναδαχίν
1164 3158 1191 3207 B.
1299 3175 1340 3212 ra.

324 3232 376 3284 τοῦ
400 3227 507 3302 θόλου]
536 3232 585 3294 τῆς
602 3231 655 3298 γῆς
677 3229 707 3280 A.
834 3229 872 3280 13.
890 3219 1068 3301 ἐκλελοιπός]
1093 3222 1292 3287 δπολελοιπιλς
1308 3230 1340 3279 A.

284 3327 287 3334 ·
326 3319 366 3372 ⁸9·
384 3303 594 3372 συγγενόμενοι
611 3302 641 3351 A.
728 3303 771 3354 ιδ.
787 3299 986 3371 μελάγεινᾳΒ.

254 3449 409 3503 iubebatur.
429 3451 530 3504 deinde
548 3469 617 3504 uxor
637 3451 695 3505 eius
725 3459 758 3504 ut
774 3452 853 3520 fugae
876 3452 985 3504 conscia
1010 3452 1204 3524 comprehensa
1221 3453 1251 3503 in
1272 3468 1341 3504 eun-

254 3521 317 3572 dem
337 3537 486 3585 carcerem,
514 3523 544 3574 in
569 3540 624 3594 quo
644 3531 703 3575 erat
720 3523 907 3586 Andronicus,
936 3523 1097 3588 coniicitur,
1120 3533 1151 3576 ut
1167 3523 1208 3574 ibi
1227 3522 1341 3593 pietatis

254 3593 284 3643 in
301 3592 426 3643 maritum
448 3601 476 3644 et
493 3594 601 3644 consilii
620 3593 734 3661 defuga
752 3611 854 3663 poenas
873 3594 956 3646 daret.
974 3595 1134 3646 nesciebant
1151 3594 1193 3645 illi
1211 3594 1341 3645 nimirum

253 3679 284 3714 se
300 3661 485 3714 Andronicum
513 3661 614 3714 habere
634 3671 666 3717 ut
682 3666 772 3734 prius,
802 3673 831 3717 et
847 3665 934 3716 bilem
954 3683 1030 3717 suam
1051 3666 1150 3717 frustra
1167 3667 1196 3717 in
1214 3665 1341 3718 miserum

254 3734 401 3785 foeminam
432 3732 584 3797 effundere,
609 3743 637 3786 et
662 3752 716 3786 reru
748 3745 850 3804 gratam
880 3737 969 3788 iacere
986 3736 1155 3800 Andronico,
1175 3737 1303 3806 quicum
1324 3751 1341 3786 e

253 3819 368 3856 caverna
387 3803 540 3854 emersisset
557 3813 585 3854 et
601 3806 743 3857 mulierem
768 3809 911 3876 inopinato
929 3817 1076 3876 conspectu
1094 3809 1217 3860 territam
1236 3806 1341 3858 allocu-

252 3882 299 3926 tus
328 3890 377 3943 pro
404 3881 510 3942 spectro
535 3875 699 3940 haberetur,
724 3878 864 3946 amplexus
890 3895 949 3928 earn
971 3878 1116 3930 illacrimat
1139 3879 1188 3929 illo
1209 3876 1341 3946 quidem,

251 3943 302 3995 sed
311 3963 368 3996 non
380 3953 483 3998 tantum
496 3954 627 4014 quantum
641 3947 748 3999 illarum
761 3965 949 4000 aerumnarum
971 3949 1104 4000 acerbitas
1119 3947 1286 4017 postulabat,
1304 3951 1341 3998 n‘e

253 4013 379 4067 custodes
397 4015 528 4066 eiulatum
557 4016 692 4070 audirent.
712 4019 741 4070 in
766 4035 798 4070 ea
819 4021 943 4071 custodia
964 4019 1012 4070 diu
1030 4019 1227 4072 consuetudine
1248 4019 1341 4069 uxoris

252 4101 335 4148 usus,
353 4101 368 4136 e
389 4101 444 4156 quo
470 4101 613 4155 congressu
632 4089 705 4140 filius
729 4088 754 4140 εἰ
770 4089 906 4141 lohannes
929 4098 1025 4160 postca
1045 4098 1124 4141 natus
1144 4099 1203 4151 eat,
1224 4090 1269 4140 cui
1289 4105 1342 4139 no-

251 4171 316 4209 men
333 4155 553 4225 imperatorium,
574 4166 606 4209 ut
623 4175 671 4210 suo
690 4160 750 4211 loco
770 4160 937 4222 narrabitur,
958 4161 1100 4228 impertiit,
1118 4159 1227 4212 tandem
1245 4175 1260 4208 e
1277 4167 1341 4209 car-

254 4243 315 4282 cere
333 4227 452 4282 elabitur
470 4227 628 4284 custodibus
640 4239 752 4301 propter
769 4231 911 4285 mulierem
928 4232 1173 4301 negligentioribus
1185 4229 1272 4283 factis.
1291 4229 1342 4284 sed
