3017 4892
445 327 647 392 romanas
685 315 913 393 couuuuus.
959 297 967 304 “
1173 297 1225 412 57

143 476 380 560 διιετόπτιστος.
430 475 465 537 έν
497 481 620 549 πολλοῖς
641 477 671 538 δ’
690 467 779 549 ὅσοις
801 467 838 537 τό
838 471 986 557 χάριστος
1004 473 1086 560 ἔχων
1107 479 1229 541 δείκνυ-

144 581 224 642 σδιιι
252 579 299 663 τῷ
331 571 371 636 τό
401 577 470 636 κατ’
505 575 561 654 ἐμὲ
590 571 813 658 συμφερόντως
845 571 1097 657 οἰκονομήσαντι,
1126 575 1150 640 ἃ
1175 581 1231 642 καί

147 669 287 758 όριδμόν
307 672 526 756 όπερπέπσικε
556 673 744 752 σόμπιινια,
766 674 808 757 τῷ
829 673 906 746 τέοος
924 673 1228 756 όνθομολογοόμενος

149 775 200 857 ἐφ’
223 765 268 846 οἷς
287 769 459 853 ἐμιγιίλσνε
471 773 527 834 τοῦ
545 771 676 852 ποιῆσαι
694 773 766 850 μεθ’
781 771 869 852 ἡμῶν
889 767 975 846 έλεος
992 771 1039 834 ἐπ’
1060 772 1309 857 α’κροαταϊςί.ο3

117 872 227 952 δίιμῖν
244 869 298 934 καί
318 873 382 935 τῶν
404 868 576 952 λεγομένοιν
592 867 734 952 εἶδήμοσι
755 866 830 932 τάδε
845 870 938 953 φημί.
980 873 1016 936 έκ
1027 866 1148 956 πατρός
1170 875 1261 951 lla-b

147 973 263 1042 σιλέοις
286 967 391 1053 ἔφυν,
413 969 517 1050 α’ρχῆς
533 969 701 1050 γεγένημαι
722 968 779 1050 τῆς
800 971 919 1031 ἐκείνου
942 967 1089 1050 διάδοχος
1101 1020 1112 1050 ,
1135 971 1230 1034 οόδὲν

147 1069 353 1150 ἅπεβαλόμην
371 1058 417 1130 ὧν
440 1066 484 1140 εἰς
502 1065 612 1150 χοῖρός
632 1090 686 1145 μοι
715 1069 945 1150 παραδέδωκεν.
986 1071 1018 1132 εί
1036 1071 1072 1132 δὲ
1091 1071 1155 1132 κατ’
1177 1068 1230 1130 εό-

148 1165 295 1252 γνιόμσνα
314 1169 370 1229 καί
389 1163 499 1229 πιστόν
514 1165 672 1249 ὑπηρέτην
685 1163 950 1249 έπεξειργασιίμην
967 1166 1003 1230 τό
1028 1169 1232 1251 παρασχεδόν

148 1289 205 1346 μοι
225 1261 341 1328 θεόθεν
372 1267 429 1348 τῆς
456 1269 618 1344 βασιλείοις
638 1261 806 1344 τάλαντον,
841 1257 947 1340 ἄλλοις
968 1271 1093 1329 σκοπεῖν
1109 1263 1166 1328 καί
1182 1269 1231 1328 λέ-

106 1387 217 1448 ιογειν
237 1359 370 1448 ἐφίημι·
407 1366 470 1424 καί
490 1359 587 1436 αότός
607 1363 643 1426 δὲ
667 1356 857 1443 α’νεπαχδοός
871 1365 1078 1447 διηγησαίμην
1097 1355 1147 1440 όν,
1173 1365 1231 1428 oste

148 1461 397 1546 έναβρανόμενος
409 1458 489 1524 α’λλό
509 1457 549 1524 τό
570 1459 643 1545 περί
661 1461 718 1541 ἐμὲ
736 1457 904 1541 θαυμάσια
925 1465 984 1525 τοῦ
1003 1465 1084 1525 θεοῦ
1106 1459 1230 1545 διηγού-

147 1583 253 1644 μενος.
274 1567 333 1634 ἓως
353 1583 393 1641 με
412 1562 469 1624 καί
487 1557 590 1644 δυσμίγ
612 1557 793 1642 μαχόμενον
812 1557 946 1643 ἔβλεψε,
969 1560 1008 1624 τό
1028 1561 1109 1646 πρὸς
1130 1555 1229 1648 ἄμφω

148 1665 210 1737 τὰς
228 1660 379 1744 ἠπείροις
399 1657 477 1742 ἔθνη
497 1663 660 1742 μετῆλθον.
714 1659 804 1741 όλίγα
825 1669 891 1736 τοῖς
911 1657 1095 1746 ἀνακτόροις
1114 1666 1230 1743 προσέ·

146 1783 265 1842 μεινα·
309 1757 327 1821 ό
345 1761 413 1839 βίος
431 1757 546 1840 σχεδόν
562 1782 617 1838 μοι
648 1753 730 1833 ἅπας
748 1759 803 1823 ἐπί
820 1765 949 1843 σκηνῆς,
970 1764 1024 1826 καί
1042 1759 1076 1826 τό
1101 1758 1231 1843 ullusul-

105 1863 216 1937 ι5ζειν
236 1860 293 1921 αἐί
310 1881 367 1937 μοι
386 1857 662 1941 περιεσποόδαστο.
723 1856 742 1942 ἦ
765 1863 806 1940 γῆ
826 1853 904 1942 αότη
924 1863 974 1944 ἐφ’
994 1851 1032 1942 ἧς
1053 1861 1112 1923 νῦν
1130 1883 1230 1943 στρα-

147 1957 405 2036 τοπεδευόμεθα,
438 1959 487 2030 δίς
507 1977 556 2038 ΙΙμε
584 1949 644 2040 ἤδη
665 1960 879 2038 προσέβλεψε·
930 1955 984 2019 καί
1002 1953 1041 2038 ἣν
1058 1952 1179 2038 μακρός
1196 1959 1230 2033 ἐξ

148 2048 187 2120 οὗ
217 2057 334 2138 χρόνος
356 2053 536 2139 σ’φδαλμοῖς
567 2055 623 2118 οὐκ
646 2049 731 2118 εἶδον
751 2051 903 2138 στρατιίιν
919 2053 1083 2134 Ῥωμαίων
1103 2056 1230 2136 Πέρσαι

147 2159 205 2220 καί
216 2149 373 2234 Ἀραβες,
393 2153 508 2238 ταύτην
527 2149 658 2238 ἔτρεσαν
686 2145 760 2236 οἴρτι
780 2153 832 2239 ἐφ’
846 2149 975 2236 ἡγεμόνι
995 2155 1060 2240 θεῷ
1079 2151 1135 2217 καί
1152 2149 1309 2226 ino-tro

149 2250 318 2342 στρατήγιρ
349 2256 440 2334 ἐμοί,
470 2254 526 2315 καί
552 2255 674 2317 πολλῶν
701 2249 820 2318 πόλεων
840 2251 915 2336 ἡμῖν
933 2249 1163 2334 όπεξὲστησαν,
1187 2243 1232 2316 ὧν

105 2357 184 2429 εοές
205 2355 303 2434 δεῦρο
332 2348 433 2435 κόρεσι
467 2353 720 2436 καθεστηκαμεν,
753 2351 792 2416 αλ
806 2354 863 2417 καί
889 2353 967 2432 ζαῖσι
986 2348 1064 2416 κατὰ
1085 2349 1123 2415 τό
1142 2353 1232 2436 ἡμῶν

150 2449 391 2534 προστάγματα.
443 2452 499 2514 καί
519 2451 587 2533 δοίη
616 2450 724 2534 πόριος
756 2447 866 2527 taeta
887 2452 959 2531 έμοί
973 2453 1032 2530 μὲν
1053 2445 1232 2534 όπερμογῆ-

152 2573 243 2615 σοντι
266 2551 322 2612 τοῦ
341 2552 403 2614 τεόν
425 2553 623 2634 Χριστιανῶν
655 2546 861 2634 πληρώματος
889 2553 1005 2633 κλῆρον
1020 2552 1090 2614 ἐκεῖ
1103 2551 1158 2612 καί
1174 2571 1232 2630 με·

152 2649 229 2733 ρίδα
252 2647 354 2712 attus
365 2699 375 2730 ,
394 2645 433 2730 ἢν
451 2647 481 2712 οἶ
501 2657 611 2734 πραεῖς
630 2655 685 2714 καί
702 2647 865 2736 εὐάρεστοι
885 2650 974 2738 αιίτηῖ
992 2647 1229 2734 α’πολὴψονιαι·

228 2826 269 2860 rr.
286 2813 338 2861 τοῦ
358 2811 428 2860 θεοῦ
446 2823 489 2861 osu
508 2811 537 2861 Α.

153 2945 268 3016 quislem
284 2945 461 3014 cogitationes
475 2945 595 2998 lubricae
613 2957 684 3011 sunt,
704 2946 749 2998 dei
767 2964 829 2998 vero
847 2947 991 2999 consilium
1002 2963 1057 2999 non
1069 2955 1112 3000 est
1127 2946 1232 2999 irritum

153 3034 206 3068 nec
223 3016 366 3068 mutabile.
394 3033 455 3068 cum
482 3025 571 3068 autem
589 3018 675 3068 multa
691 3019 746 3068 sint
763 3017 893 3069 divinitus
908 3019 937 3070 in
953 3035 996 3068 me
1012 3019 1112 3069 collata
1128 3017 1233 3069 benefi-

154 3089 197 3138 cia
216 3103 249 3137 ac
266 3105 379 3138 numero
405 3103 476 3156 pene
494 3088 571 3139 nullo
599 3087 791 3157 comprehendi
809 3097 925 3158 queant,
944 3088 1119 3140 audientibus
1137 3087 1233 3149 vobis,

155 3157 311 3228 iisdemque
327 3155 458 3220 testibus,
476 3156 595 3209 diuinam
617 3175 676 3228 erga
696 3175 738 3210 me
757 3158 963 3210 beneficentiam
980 3166 1053 3227 grata
1071 3173 1137 3208 voce
1154 3173 1235 3225 prae-

155 3227 262 3278 dicabo.
284 3238 362 3296 patre
379 3230 542 3298 imperatore
562 3237 642 3280 natus
662 3247 734 3292 sum,
755 3230 798 3280 illi
816 3231 846 3280 in
870 3230 985 3297 imperio
1005 3227 1142 3290 successi;
1162 3225 1233 3276 nibil

154 3314 249 3349 eorum
262 3315 332 3368 quae
344 3315 497 3368 acceperam
506 3299 590 3350 amisi.
601 3317 635 3350 an
645 3315 709 3350 vero
719 3298 861 3368 prudentis
873 3308 901 3349 et
910 3297 999 3348 fidelis
1017 3295 1132 3347 ministri
1149 3297 1235 3347 instar

154 3369 287 3420 talentum
315 3370 389 3438 regul
403 3369 533 3421 diuinitus
550 3370 618 3420 mibi
632 3369 763 3420 creditum
781 3371 910 3430 auxerim,
930 3368 991 3417 aliis
1009 3366 1233 3418 considerandum

155 3447 185 3488 et
210 3439 473 3490 commemorandum
499 3441 643 3510 relinquo,
664 3441 785 3508 quamvis
807 3447 835 3489 et
861 3439 920 3506 ipse
943 3438 1009 3489 citra
1031 3438 1182 3488 molestiam
1200 3455 1232 3488 ea

155 3509 312 3578 praedicare
331 3528 445 3580 queam,
463 3510 592 3580 nullaque
614 3527 673 3560 cum
692 3512 892 3570 ostentatione,
913 3507 961 3559 sed
979 3509 1168 3559 miraculorum
1186 3508 1232 3559 ‹lei

156 3579 349 3631 celebratione.
384 3581 481 3631 Oricns
494 3589 521 3632 et
539 3581 655 3631 Occasus
673 3579 747 3630 bella
765 3597 807 3630 me
827 3586 962 3647 gerentem
979 3578 1122 3645 viderunt3
1140 3587 1232 3648 gentes

155 3665 226 3718 quae
244 3649 273 3701 lu
290 3659 407 3721 utruque
435 3651 591 3701 continente
619 3649 763 3712 habitant,
790 3666 849 3700 surn
866 3665 1008 3717 aggressus.
1026 3667 1119 3718 parum
1137 3651 1166 3700 in
1183 3666 1234 3718 pa·

155 3720 222 3770 latio
240 3721 348 3784 mansi,
381 3722 463 3772 vitam
488 3737 556 3788 pene
577 3721 606 3772 in
632 3719 815 3772 tabernaculis
832 3721 925 3788 exegi,
948 3737 1053 3788 semper
1069 3729 1101 3771 ut
1116 3719 1167 3772 sub
1185 3719 1232 3770 dio

154 3805 277 3858 agerem,
306 3808 415 3862 opepam
440 3789 512 3841 dedi.
535 3790 717 3852 tellushaec,
736 3791 836 3859 inqua
861 3799 947 3841 castra
964 3790 1110 3853 habemus,
1128 3792 1170 3841 bis
1189 3807 1233 3840 rue

155 3861 208 3911 iarn
225 3863 340 3930 aspexit.
358 3863 475 3913 multum
503 3861 631 3930 temporis
649 3861 838 3911 intercesserat
852 3877 886 3912 ex
902 3877 956 3982 rpus
975 3863 1070 3913 Persae
1087 3869 1116 3912 et
1131 3859 1234 3911 Arabes

153 3931 304 3982 Romanum
334 3933 483 3982 exercitum
505 3947 560 3982 non
577 3931 719 3982 viderant:
736 3930 809 3981 hunc
826 3931 904 3982 sormi
926 3939 1005 3983 amnt
1021 3931 1074 3982 deo
1092 3931 1160 3981 duce
1177 3947 1235 3981 me-

153 4017 209 4070 que
225 4003 373 4066 ministro,
393 4001 528 4072 uobisque
553 4002 647 4052 multis
665 4000 778 4052 urbibus
798 4009 950 4064 cesserunt,
970 4018 1037 4072 quae
1055 3999 1145 4052 adhuc
1161 4000 1235 4052 obti-

155 4087 248 4124 nemus
269 4087 397 4142 quaeque
413 4073 511 4124 nostris
533 4071 671 4140 imperatis
690 4079 794 4140 parent
820 4072 888 4124 laxit
905 4071 971 4123 deus
989 4080 1021 4123 ut
1037 4087 1100 4140 ego,
1118 4071 1165 4140 qui
1184 4087 1234 4140 pru

155 4140 310 4195 Christiano
329 4143 431 4212 populo
451 4158 522 4194 anua
550 4141 717 4205 circumtuli,
735 4142 794 4193 illic
819 4151 955 4194 aetermam
973 4141 1151 4194 hereditatem
1174 4140 1234 4191 adi-

154 4213 259 4280 plscar‚
285 4230 370 4284 quam
399 4215 532 4266 mansueti
556 4213 714 4282 acceptique
742 4211 794 4265 deo
817 4221 1032 4283 consequentur:
1053 4212 1153 4269 ,restris
1170 4226 1234 4262 sero
