3017 4892
445 268 647 334 tonsurus
679 271 908 336 conminus.
1161 247 1215 331 55

124 417 160 482 τδ
183 415 311 496 δεινόν,
333 416 391 480 καί
406 413 558 496 βασιλεάς
589 421 652 481 ταῖν
671 421 893 502 χρηστοτδρων
914 420 1048 485 ἐλπίδων
1069 419 1215 506 αἰιήγετο.

124 517 233 594 α’μέλει
264 513 326 578 καί
344 523 409 588 τοῖς
440 515 502 594 μὲν
522 519 638 597 ἰατροῖς
668 516 876 601 ἠπορημένοις
894 517 1092 585 παντάπασιν
1112 519 1216 586 ἐδόκει

121 612 180 696 την
203 621 301 698 χεῖρα
321 615 382 676 τοῦ
402 612 560 692 βασιλέως
575 615 740 694 α’ποιεμεῖν
754 617 788 690 ἐς
806 612 910 701 μηρδν
930 617 1075 701 α’νδρεῖον
1097 614 1213 703 άδρον-

120 717 238 779 θεῖσαν
265 713 304 798 τῇ
324 713 506 798 φλεγμονῇ,
538 711 605 777 κατ’
638 711 838 798 ἀμφήριστον
864 716 971 795 μέντοι
989 718 1045 779 καί
1064 711 1135 780 τότε
1155 711 1215 782 τοῦ

96 809 303 894 διάσχοντος
320 812 438 890 μέλους
460 809 567 874 ἴασιν·
609 810 759 892 βασιλευς
783 815 819 876 δὲ
841 809 968 894 κοίτην
987 815 1143 898 προτέραν
1162 836 1214 879 το·

118 907 185 994 μὴν
207 913 314 976 οιίτίαν
333 912 392 972 τοῦ
412 904 592 988 ξύμπαντος
610 913 706 974 κακοῦ
725 909 936 994 ξυνοριάμενος
958 911 1026 975 οὐδ’
1047 907 1129 987 ὅλως
1149 918 1214 988 τοῖς

119 1011 303 1092 λεγομένοις
327 1010 512 1086 ἐπένευσεν,
540 1006 609 1071 ἀλλ’
631 1007 729 1072 ε”κειτο
750 1006 895 1091 κάμνων,
915 1009 949 1074 τὸ
968 1010 1022 1094 τῆς
1039 1009 1214 1094 θεραπείας

119 1107 269 1188 παριδών
298 1101 487 1190 άμφιλογον.
534 1107 703 1190 ἐπιστάσης
726 1109 761 1173 δὲ
791 1110 844 1192 τῆς
865 1109 1068 1193 πανευσήμου
1091 1104 1213 1195 ἡμέρας

120 1210 178 1290 τῆς
197 1205 349 1288 Χριστοῦ
379 1203 579 1278 ἀναστάσεως
606 1207 668 1268 τοῖν
690 1204 787 1270 θείων
812 1208 995 1292 μυστηρίων
1026 1210 1061 1271 δν
1080 1211 1246 1288 μεθάξειλ)

83 1306 260 1386 ιογίνεται,
296 1301 353 1368 καί
381 1299 462 1386 πρὸς
487 1300 523 1366 τά
543 1305 666 1368 δεῖπνον
697 1304 865 1370 άναιιεσάν
885 1309 981 1390 α’νῆκε
997 1304 1054 1390 την
1073 1305 1212 1391 αὐλαίαν

120 1403 201 1466 πᾶσι
221 1408 290 1476 τοῖς
314 1401 446 1465 εἰσιέναι
465 1401 520 1465 καί
540 1403 692 1486 δεηθῆναι
712 1407 854 1473 θέλουσι.
885 1381 942 1469 καί
959 1406 1000 1492 τῇ
1018 1400 1089 1488 ἑξῆς
1108 1403 1211 1493 ἡμέρᾳ

121 1497 175 1565 τὸν
194 1495 295 1564 αάτάν
326 1495 578 1582 διαπραξάμενος
613 1505 722 1584 τρόπον
755 1501 900 1590 ὑποθήκῃ
919 1508 977 1568 τοῦ
994 1500 1133 1585 μεγάλου
1157 1506 1210 1567 δο-

119 1596 274 1679 μεστάιου
296 1593 458 1678 Ἰωάννου,
480 1599 533 1662 καί
551 1596 591 1662 τά
614 1604 830 1681 παρατεθέντα
850 1600 1006 1687 βρώματα
1023 1611 1090 1677 τοῖς
1109 1624 1208 1684 παρτ·

119 1699 221 1762 οτῶσι
251 1694 511 1778 διανειμάμενος,
545 1699 621 1760 καθ’
650 1692 765 1763 ἑαυτὸν
784 1698 887 1765 ἔκτοτε
908 1701 1038 1778 ἰδιάοας
1060 1699 1136 1784 περὶ
1153 1701 1209 1765 rot

83 1789 276 1876 ι5διαδάχου
295 1795 353 1878 τῆς
372 1797 536 1874 βασιλείας
563 1795 686 1878 ἐγνώκει
707 1802 905 1864 σκέπτεσθαι.
943 1799 1038 1865 ὑετοῦ
1063 1801 1099 1864 δὲ
1117 1820 1209 1862 κατε-

118 1897 289 1974 νεχθέντος
317 1890 495 1978 ῥαγδαίου,
518 1895 645 1978 καὶτῆς
676 1896 819 1970 κοιλάδας
839 1895 1035 1982 κατορράτου
1058 1895 1209 1981 φανείσης

119 1991 169 2076 ἐφ’
191 1981 230 2072 ἧς
264 1991 571 2073 εὀτρατοπεδεάετο,
603 1988 624 2078 ἥ
653 2017 688 2057 τε
722 1997 877 2075 βασιλέως
906 1997 993 2078 κλιίτη
1019 1996 1207 2076 μετεφέρετο

120 2087 199 2174 πρὸς
220 2087 256 2152 τὸ
294 2094 477 2174 καθαρεῦον
508 2086 624 2168 δδατος
653 2095 768 2174 μέρος,
790 2091 847 2156 καί
866 2089 960 2167 αὐτὸς
979 2091 1034 2157 ἐπί
1053 2087 1209 2172 στόματος

118 2183 184 2272 εἶχε
205 2187 241 2254 τά
259 2186 383 2274 φάσκον
403 2189 523 2256 οδτωσί
541 2191 761 2279 χρησμιρδημα
779 2190 906 2272 ,μόνοις
927 2195 954 2255 δ’
974 2194 1008 2256 ἕν
1025 2191 1133 2276 άγροῖς
1152 2191 1210 2254 καί

80 2290 194 2373 τοταρ’
230 2287 346 2352 ἐλπίδα
365 2291 491 2376 πέσῃς.”
533 2288 563 2354 οἱ
592 2293 628 2355 δὲ
646 2288 704 2365 τάς
722 2295 786 2355 τοῖν
806 2292 963 2372 βασιλέων
983 2287 1135 2373 διαδοχάς
1152 2291 1208 2354 καί

117 2389 309 2468 μεταθέσεις
332 2391 583 2472 φιλοκρινοῦντες
602 2392 657 2486 γαί
675 2393 768 2454 τοῦτο
788 2393 887 2472 πέρας
907 2389 1069 2475 εἰληφέναι
1088 2387 1205 2471 ἔλεγον,

117 2479 167 2565 „oi
187 2489 258 2562 πῶς
277 2484 391 2572 γενήσῃ
411 2489 527 2570 βρῶμα
549 2489 657 2552 δεινῶν
672 2484 814 2572 κοράκων
823 2491 856 2551 .”’
895 2491 940 2574 τῇ
956 2490 1016 2569 μὲν
1036 2490 1069 2561 ἐς
1087 2485 1125 2552 τά
1144 2489 1282 2567 pat-eas

118 2589 199 2648 λιινα
218 2587 274 2647 καὶ
312 2586 440 2662 σίζοντα
458 2584 589 2668 σιδήρια
609 2584 642 2650 τά
663 2585 864 2673 παλαίφατον
883 2587 975 2650 τοῦτο
993 2583 1095 2669 λόγων
1118 2587 1203 2670 άφο.

118 2683 177 2762 ρᾶν
213 2683 469 2766 ἰσχυριζόμενοι,
493 2684 537 2748 δι’
565 2675 610 2748 οἷν
633 2680 788 2771 ὁκαυτῆρ
809 2689 850 2771 τῇ
864 2682 953 2769 χειρί
970 2687 1028 2749 τοῦ
1047 2687 1203 2765 βασιλέως

78 2779 340 2863 τ5ἐπενήνεκιαι,
371 2783 418 2868 πῇ
450 2783 478 2845 δ’
510 2785 542 2857 ἐς
566 2783 600 2846 τὸ
622 2787 681 2848 τῶν
712 2785 835 2866 βουνάν
857 2781 1063 2866 προσάνομον
1082 2783 1136 2866 ἐφ’
1156 2770 1202 2845 δν

119 2879 235 2958 ἐκεῖνος
257 2877 480 2964 κατεσκηνάκει
499 2879 534 2947 τά
556 2885 784 2968 προφοίβαομα
803 2876 1002 2958 άπολδοντες.

120 3105 205 3158 τίεται
230 3112 288 3167 est,
313 3121 373 3157 cum
401 3121 436 3158 ne
460 3106 499 3157 sic
522 3105 633 3176 quidem
659 3108 772 3158 affectae
798 3105 882 3177 portis
903 3108 1009 3160 sanatio
1030 3112 1104 3158 certa
1122 3111 1206 3160 esset.

120 3185 148 3228 at
172 3177 339 3245 imperator,
366 3177 414 3244 qui
441 3177 558 3246 priorem
582 3178 663 3228 etiam
692 3179 839 3228 sectionem
864 3179 983 3229 universi
1013 3176 1204 3227 melitensem

122 3263 178 3297 esse
197 3247 382 3316 perspiceret,
411 3245 490 3298 dictis
521 3263 611 3298 eorum
630 3265 686 3298 non
704 3248 859 3311 annuebat,
877 3249 927 3299 sed
947 3255 1073 3314 aegrotus
1093 3245 1203 3295 decum-

120 3315 204 3367 bebat
221 3325 313 3385 spreta
330 3316 444 3384 ancipiti
462 3318 608 3368 curatione.
630 3327 711 3387 atque
724 3318 901 3369 celeberrimo
912 3314 1115 3367 resurrectionis
1125 3315 1204 3366 Chri·

121 3387 156 3437 sti
189 3385 235 3437 die
261 3385 354 3437 divino
383 3389 512 3454 mysteria
528 3389 652 3458 percipit.
673 3397 701 3440 et
718 3389 747 3439 in
763 3405 848 3438 coena
866 3387 945 3437 aulae
963 3385 1066 3437 foribus
1086 3386 1203 3455 apertis,

122 3458 230 3524 quossis
259 3457 364 3524 ingredi
383 3466 412 3509 et
428 3465 521 3526 petere
548 3475 619 3528 quae
639 3459 741 3510 vellent
757 3458 895 3526 permisit3
915 3456 1041 3526 idemque
1060 3464 1088 3507 et
1104 3458 1204 3525 postri-

123 3525 166 3578 die
182 3527 289 3578 monitu
314 3527 443 3579 Iohannis
471 3531 560 3598 magni
590 3529 729 3580 domestici
758 3529 841 3590 fecit,
859 3527 947 3596 epulis
974 3543 1044 3596 quoe
1062 3528 1202 3597 oppositae

123 3607 197 3650 erant
224 3599 297 3649 inter
321 3615 366 3650 eos
407 3599 434 3648 ui
460 3599 587 3651 ostnbsnt
604 3599 767 3650 distributis.
786 3599 952 3666 semotisque
968 3598 1077 3649 arbitris
1097 3596 1130 3648 de
1149 3599 1203 3647 im-

156 3669 187 3718 rii
207 3685 366 3730 successore⁴
382 3615 534 3720 deliberare
550 3670 678 3722 instituit.
697 3670 833 3719 enimvero
849 3669 920 3720 valle
937 3669 966 3719 in
977 3685 1030 3738 quo
1048 3678 1133 3719 costra
1152 3667 1203 3718 ha-

141 3737 202 3791 ebat
220 3739 325 3808 ingenti
344 3739 437 3808 pluvia
455 3739 605 3804 inundata,
627 3741 708 3791 etium
726 3739 841 3789 lectulus
859 3740 917 3790 eius
936 3740 1038 3808 impetu
1057 3738 1203 3789 decurren-

123 3809 155 3859 tis
174 3827 260 3879 aquae
280 3819 323 3861 est
341 3817 468 3873 avectus,
494 3828 552 3862 cum
573 3808 642 3861 illud
662 3810 814 3873 oraculum,
832 3809 928 3867 „cades
947 3810 1055 3879 aquosis
1073 3809 1204 3877 improvi-

123 3895 164 3929 τοι
181 3881 209 3930 in
228 3881 331 3942 locis,“
353 3879 469 3932 subinde
486 3881 514 3932 in
532 3898 577 3932 ore
593 3880 716 3932 haberet.
736 3880 864 3948 quivero
883 3880 1074 3949 imperatorum
1096 3894 1204 3928 succes-

122 3949 208 4002 siones
233 3959 260 4002 et
277 3951 446 4002 mutationes
464 3953 664 4020 pervestigent,
690 3949 761 4000 illud
783 3951 863 4001 etiam
882 3959 979 4002 eventu
998 3948 1203 4018 comprobatum

122 4033 177 4070 erse
193 4021 305 4082 serunt,
342 4021 427 4084 „heu‚
452 4023 538 4073 corvis
565 4039 625 4073 esca
644 4022 695 4072 eris
720 4022 802 4072 miser
817 4021 989 4072 voracih11s1“
1018 4019 1046 4071 id
1064 4019 1204 4070 oraculum

122 4091 213 4156 partim
232 4091 268 4143 ed
297 4090 375 4160 nigro
396 4099 425 4143 et
442 4091 584 4143 stridentia
611 4092 786 4154 ferramenta,
814 4091 914 4160 quilms
940 4109 1034 4142 suanus
1055 4091 1113 4140 eius
1142 4097 1203 4142 uste

122 4169 202 4226 treet,
220 4163 325 4234 partim
344 4159 382 4214 ed
400 4171 605 4232 cognomentum
623 4161 754 4214 montium
776 4163 912 4233 pertinere
930 4161 1123 4215 existimantes.
