3017 4892
246 273 330 359 300
554 299 727 368 nonas
762 299 1003 368 cnonsrsn

244 475 279 516 εν
298 453 343 538 τῷ
369 451 492 538 Ἀλεξίιρ
521 450 577 516 κατ’
595 445 687 528 οότος
705 451 763 536 τὴν
792 451 898 530 δεξιόν
926 455 971 540 τῷ
997 449 1177 540 βατραχείρι
1198 455 1329 531 έπιδοός

243 548 390 634 χρώματι
419 545 478 632 τήν
506 553 566 614 τοῦ
599 551 838 636 ,,ότηρη’θηοον”
868 553 1081 635 ἐπισημασίαι
1107 552 1326 635 βραβεόσεεει.

243 639 318 730 ἦγεν
337 641 394 714 eds
414 646 458 724 οός
475 643 580 734 ᾑρεῖτο
601 650 704 714 πιόντα
726 653 782 714 κατ’
803 651 1043 732 μετεπέπτιυεν,
1063 649 1120 715 κατ’
1138 645 1220 735 ἅπερ
1241 649 1272 716 oi
1292 655 1329 718 εἰι

243 749 422 830 Kampos
447 743 599 832 πρότερον
629 753 771 830 βασιλεῖς
800 749 916 834 ἱδρῶσι
943 754 1093 829 πολλοῖς,
1117 745 1197 814 εἴπω
1219 751 1256 816 δέ
1273 753 1330 816 καί

244 843 321 920 τοός
356 847 489 928 πένητας
523 845 761 930 καλαμυόμενοι,
798 850 1030 933 συλλογιμαόυς
1063 842 1355 935 οἷπεδησαόρισανό

217 959 238 1012 C
244 941 410 1028 χρήματα,
443 947 545 1009 ταῦτα
567 949 612 1034 τῷ
630 951 878 1034 πρωτοοεβαστῷ
907 949 964 1012 κατ’
987 951 1028 1034 τῇ
1056 945 1226 1034 βασιλίσσῃ
1246 945 1328 1031 πρός

245 1043 454 1123 α’ποχέτευσιν
471 1042 653 1128 προύκειτο,
674 1046 729 1110 καὶ
747 1046 783 1108 τό
799 1048 859 1110 τοῦ
874 1045 1064 1131 Ἀρχιλόχου
1086 1040 1235 1130 ἄντικρυς
1255 1049 1330 1111 έπε-

244 1145 387 1224 ραίνετο,
412 1136 432 1204 δ
452 1166 567 1227 φησιν,
587 1146 632 1219 εἷς
651 1141 772 1229 ἔντερον
796 1140 913 1229 πόρνης
935 1147 1086 1220 πολλάκις
1101 1147 1329 1228 μεταρρυΐσκε-

243 1245 324 1306 σθαι
352 1239 394 1305 τοὶ
421 1242 527 1332 χρόνῳ
556 1247 612 1307 καί
636 1243 721 1331 πόνιρ
750 1246 938 1326 συλλεγέντα
965 1247 1090 1330 μακρῷ.
1138 1244 1326 1328 insideri

243 1339 332 1404 πόσα
360 1337 451 1416 πόλις
482 1338 560 1424 πρός
589 1343 787 1425 Ἀνδρόνικον
818 1339 948 1424 ἔβλεπε,
968 1345 1025 1407 καί
1042 1343 1062 1426 ἦ
1079 1343 1198 1408 ἐκείνου
1219 1334 1328 1429 οἷφιξις
1341 1371 1376 1410 ιο

244 1436 289 1512 cic
309 1439 344 1502 έν
363 1440 535 1528 σκοτομὴνῃ
557 1439 703 1524 λαμπτὴρ
722 1441 778 1508 καί
795 1435 898 1524 incip
921 1443 1070 1527 α’ριζιγλος
1090 1442 1266 1520 ἐδοξάζετο.
1286 1444 1329 1530 api

242 1559 292 1601 τοι
311 1535 367 1602 καί
385 1539 492 1622 ἐνῆγον
514 1538 568 1603 διό
590 1536 782 1624 γραμμάτων
811 1537 952 1625 κρόβδιγν
970 1543 1177 1623 πεμπομένων
1196 1540 1227 1604 οἱ
1244 1543 1327 1621 μέγα

242 1637 314 1701 τότε
335 1635 503 1720 δυνάμενοι
524 1641 746 1723 καταταχῆσαι
775 1637 835 1722 τὴν
858 1634 996 1719 εἴσοδον,
1016 1639 1061 1714 σός
1080 1641 1328 1719 α’ντιταξομένων

244 1737 397 1818 οὐδένων,
419 1728 490 1802 οὔτε
502 1729 573 1820 Ιμήν
592 1734 670 1820 πρός
689 1735 724 1802 τό
747 1733 890 1804 ἅντωπόν
909 1740 966 1820 τῆς
985 1740 1104 1802 ἐκείνου
1127 1741 1326 1822 στησομένων

243 1839 344 1915 σκιᾶς,
364 1830 433 1901 ἄλλ’
452 1836 580 1912 ὑπτίαις
601 1831 683 1900 δλων
704 1838 959 1916 προσδεξαμένων
978 1839 1074 1921 χερσὶ
1091 1837 1146 1901 καί
1166 1836 1374 1908 decusso-15

243 1932 363 2002 υόντων
383 1935 527 2017 οἷσμὲνως
555 1935 613 2010 τός
632 1939 686 2021 τῆς
714 1936 848 2017 καρδίαις
866 1934 1073 2020 περιπτυχός.
1116 1933 1327 2022 διαφερόντως

246 2039 283 2102 δὲ
309 2029 406 2100 αὐτόν
437 2035 623 2120 παρεκρότει
650 2031 706 2099 καί
733 2037 921 2119 θαρραλέως
946 2034 1109 2118 προσιέναι
1131 2035 1327 2118 διέννττενῆ

214 2135 534 2222 Βπορφυρογέννητος
553 2138 672 2220 Μαρία
693 2130 713 2218 ἦ
733 2139 794 2197 τοῦ
812 2135 968 2217 βασιλέως
981 2136 1119 2212 Ἀλεξιλιυ
1140 2131 1327 2217 ἓτεροθαλῆς

245 2235 389 2320 α’δελφὴ,
410 2235 465 2297 καί
495 2230 696 2316 όπαριαόων
716 2230 813 2318 ταύτῃ
834 2237 965 2316 Καῖσαρ
984 2236 1018 2310 ἐξ
1035 2235 1161 2298 Ἰταλῶν
1181 2227 1325 2316 όρμιόμε-

241 2355 303 2406 νος.
344 2328 424 2415 αὕτη
445 2329 504 2415 γὰρ
527 2333 757 2414 α’ποπνιγομὲνη
782 2333 900 2414 μικροῦ
922 2335 968 2420 τῷ
985 2330 1042 2416 τὴν
1061 2328 1211 2418 πατρρόαν
1231 2335 1372 2411 βασι-ορ

243 2433 331 2494 λείαν
350 2429 413 2494 ὑπό
434 2435 492 2496 τοῦ
511 2433 771 2514 πρωτοσεβαστοό
798 2432 975 2514 συλᾶσθαι,
998 2430 1054 2495 καί
1073 2423 1176 2505 ἄλλως
1192 2432 1228 2494 δὲ
1248 2433 1324 2511 δερ-

240 2531 396 2612 μοοργίαν
417 2529 616 2611 ἀσπαζομένη
646 2526 701 2593 καί
719 2526 852 2613 α’νδρικὴ
873 2529 909 2594 τό
938 2531 1086 2615 φρόνημα
1107 2523 1204 2611 odeo,
1225 2550 1323 2611 προσ-

241 2628 379 2710 κτωμένρ
408 2629 444 2690 δὲ
475 2625 531 2689 καί
557 2621 591 2690 τό
620 2623 716 2713 φύσει
749 2626 829 2712 πρός
856 2626 912 2711 τήν
935 2627 1094 2712 μητρυιὰν
1128 2623 1321 2709 βαρόζηλον,

241 2725 316 2809 oripi
336 2729 489 2809 στέγουσα
508 2726 544 2791 δὲ
566 2727 621 2790 κατ’
641 2723 676 2790 τό
699 2728 1003 2810 παρευδοκιμεῖσδαι
1023 2729 1079 2790 καί
1098 2723 1323 2807 ὥςᾶντιιαθι-

314 2925 336 2958 ι.
354 2893 389 2958 οὗ
410 2908 447 2967 A,
466 2905 539 2958 οὕτω
559 2907 618 2960 ΡΨ.
713 2897 910 2964 έπιδιδοόςδ.
1011 2892 1320 2978 18.έτεροθαλιὶς]δπό

310 2977 408 3047 ἑτέρας
425 2975 533 3050 μητρός
550 2979 577 3028 Β.

239 3125 314 3194 prins
331 3125 442 3176 Alexius
461 3140 493 3176 es
514 3125 628 3176 vidisset
653 3131 681 3176 et
698 3125 789 3176 colore
813 3123 895 3177 viridi
912 3123 1117 3192 subscripsisset
1137 3129 1213 3186 „rata
1232 3123 1319 3175 sunt”

239 3197 332 3264 itaque
350 3213 400 3247 suo
419 3195 552 3248 arbitratu
569 3195 695 3246 versabat
714 3197 820 3261 omnia3
839 3203 868 3246 et
883 3210 951 3264 quas
966 3195 1094 3264 pecunias
1108 3193 1250 3246 Comnsnii
1269 3192 1320 3244 im·

238 3275 376 3336 peratores
400 3267 493 3318 multis
522 3263 668 3317 sudoribus
690 3273 774 3335 atque
802 3265 884 3317 etiam
901 3264 1080 3332 deglubendis
1105 3265 1271 3334 pauperibus
1291 3263 1321 3314 iu

238 3339 380 3388 thesauros
401 3338 568 3399 retulerant,
588 3351 632 3386 eas
651 3335 680 3388 in
700 3353 730 3387 se
758 3343 786 3386 et
805 3337 1005 3404 imperatricem
1025 3335 1172 3386 derivabat.
1192 3342 1225 3384 ut
1239 3335 1321 3403 plane

239 3407 269 3459 id
291 3409 372 3480 fieret
397 3406 472 3476 quod
492 3405 668 3458 Archilochus
687 3405 791 3469 scribit,
813 3423 846 3458 ea
859 3424 940 3475 saepe
958 3408 988 3456 in
1009 3405 1091 3457 scorti
1110 3403 1239 3474 pudenda
1257 3420 1322 3454 con·

239 3478 340 3539 lluere,
360 3493 430 3544 quae
454 3479 535 3546 longo
554 3477 648 3528 labore
673 3484 700 3530 et
718 3484 841 3545 tempore
869 3479 925 3528 sint
943 3486 1078 3545 congesta.
1097 3476 1233 3528 binctota
1254 3473 1321 3525 civi-

237 3555 280 3601 tas
297 3546 482 3598 Andronicum
499 3547 654 3617 spectabat:
673 3547 731 3598 eius
753 3548 885 3600 adventus
906 3556 937 3599 ut
956 3549 1001 3599 sax
1019 3549 1049 3598 in
1067 3547 1187 3598 tenebris
1206 3553 1235 3595 et
1251 3544 1318 3596 stel-

237 3619 265 3669 la
285 3616 392 3668 radians
415 3618 617 3686 expectabatur.
637 3635 762 3688 proceres
787 3636 849 3670 eum
866 3618 935 3670 clam
966 3635 1015 3688 per
1040 3619 1146 3669 litteras
1163 3617 1198 3668 ad
1217 3615 1321 3666 accele-

237 3686 352 3740 randum
376 3689 429 3737 iter
446 3685 640 3740 hortabantur:
660 3690 796 3740 neminem
818 3690 890 3742 enirn
909 3690 967 3741 lore
985 3688 1032 3758 qui
1052 3690 1077 3738 ei
1094 3689 1252 3739 adversetur
1273 3692 1335 3735 ant.

236 3759 349 3810 umbrae
369 3758 427 3809 eius
447 3774 475 3808 se
494 3767 631 3827 opponat,
658 3759 706 3810 sed
726 3777 820 3812 omnes
845 3761 950 3829 supinis
968 3758 1094 3810 manibus
1112 3775 1172 3808 curn
1191 3764 1321 3824 exceptu·

236 3847 297 3892 ros,
317 3836 345 3878 et
372 3829 483 3879 intimos
507 3829 629 3880 cordium
653 3848 775 3883 recessus
798 3832 823 3883 ei
841 3832 961 3882 libenter
981 3829 1154 3880 revelaturos.
1177 3825 1320 3895 inprimis

236 3915 300 3952 vero
324 3899 409 3950 Maria
425 3897 665 3968 porphyrogenita,
682 3903 852 3971 imperatoris
873 3901 961 3952 Alerii
979 3917 1106 3968 germana
1119 3898 1168 3950 sed
1184 3915 1241 3948 non
1259 3905 1320 3946 ute-

236 3970 297 4021 rina
316 3986 403 4032 soror,
423 3986 484 4020 euru
502 3973 696 4036 confirmabat,
724 3983 753 4024 et
773 3974 870 4023 Cacsar
887 3972 946 4022 eius
964 3972 1077 4022 maritus
1097 3970 1210 4022 natione
1228 3967 1320 4018 ltalus.

236 4055 308 4108 quae
335 4055 394 4090 curn
421 4043 567 4108 aegerrimo
593 4051 732 4110 pateretur
765 4052 906 4110 paternum
934 4042 1076 4110 imperium
1111 4037 1322 4092 sebastocratoti

237 4109 354 4178 praedae
376 4129 451 4177 στοας
475 4120 502 4163 et
521 4112 625 4180 alioqui
655 4114 794 4165 iracundia
814 4113 911 4166 mulier
932 4122 960 4163 et
976 4114 1085 4178 virago,
1100 4109 1220 4162 naturali
1237 4108 1319 4158 etiarn

237 4181 266 4234 iu
283 4185 424 4238 novercam
442 4182 505 4238 odio
534 4185 665 4248 incitata,
689 4193 828 4256 peractcrce
854 4183 999 4254 superioris
1024 4180 1169 4253 impatiens
1197 4186 1225 4231 et
1242 4194 1272 4229 se
1290 4186 1321 4229 nt
