3017 4892
287 303 367 388 106
598 325 773 398 urceum
799 323 1041 394 cnomsme

277 479 470 566 ἓπανῄρητο·
511 472 593 542 ἔνθα
613 474 671 542 καί
685 472 741 541 τόν
755 477 867 542 οἰκεῖον
887 467 1118 556 ἀποδοχμώσας
1139 470 1261 553 αόχόνο
1281 469 1363 558 πρός

276 582 317 665 τῇ
336 573 449 665 εἰσόδιρ
470 577 527 641 sori
544 572 683 662 προνάου
703 581 815 640 πατεῖν
828 579 959 658 παρεῖχε
979 573 1023 659 τῷ
1042 568 1169 636 εἰσιόντι
1188 566 1285 636 nessi
1301 591 1362 650 μο-

276 679 381 764 υαχῷ,
407 677 505 759 λέγων
535 671 728 761 α’ξυμφόρως
758 670 860 761 ἑαυτῷ
884 670 943 756 τὴν
975 665 1160 754 ἡλικιώτιδα
1188 667 1245 733 κατ’
1264 671 1363 754 φιλην

275 773 413 859 ἡσυχίαν
441 771 655 858 παρώσασθαι
682 775 739 838 καί
767 774 815 838 ἐπ’
837 771 945 836 οόδενί
977 770 1151 846 ξυνοίσοντι
1172 764 1228 833 τόν
1243 764 1362 848 θρόνον

275 867 432 957 ἇναβῆναι
451 871 504 940 τόν
524 868 739 958 όνιερόψηλον.
779 871 797 937 ό
820 874 856 936 δὲ
877 871 1011 950 Κοσμιῖς
1029 861 1069 952 ἦν
1089 868 1148 948 μὲν
1167 874 1233 943 τοῖς
1252 859 1389 931 drani-5

274 993 339 1046 νοις
370 969 553 1057 ἐναρίθμιος
560 1021 571 1054 ,
598 965 665 1055 εἶχε
693 973 729 1036 δὲ
764 970 903 1056 πατρίδα
929 966 988 1053 τῆν
1008 965 1164 1050 Αἴγιναν,
1192 968 1310 1050 σοφίας
1328 967 1361 1030 δ’

274 1068 399 1156 όιιόσης
419 1068 607 1155 μεταλαχών
628 1073 664 1136 όκ
683 1073 742 1137 soii
758 1073 821 1136 τῶν
842 1072 964 1156 α’ρετών
983 1065 1131 1153 όρμαθοῦ
1149 1068 1245 1131 πλέον
1265 1057 1362 1149 ηὔχει

272 1171 474 1256 τοόπίσημον.
494 1169 631 1253 μάλιστα
649 1173 684 1236 δὲ
705 1173 749 1260 τῷ
771 1173 875 1259 πολλῷ
890 1173 947 1253 τῆς
969 1162 1178 1252 όλεημοσόνης
1199 1167 1360 1248 ἐκέκαστο,

273 1265 346 1355 ἥτις
367 1269 413 1346 ώς
442 1272 476 1335 ἐν
501 1270 712 1359 περιδερραίρι
742 1267 849 1358 κόσμρι
882 1272 1047 1333 πολυτελεῖ
1061 1272 1301 1352 προσπεπηγυῖα
1320 1267 1362 1352 τῇ

271 1373 410 1457 ποικιλίρ
434 1371 496 1435 τών
522 1367 645 1454 α’ρετών
679 1370 768 1455 δίκην
798 1365 991 1442 όκτινώδους
1016 1367 1109 1431 λίθου
1137 1362 1355 1448 όπόμφαινεν·
1370 1391 1406 1432 ιο

272 1461 355 1532 odem
376 1464 438 1552 ydp
458 1463 515 1532 τόν
539 1466 584 1542 είς
604 1466 793 1554 όνθριότιους
810 1464 898 1532 ἔλεον
918 1465 1038 1552 ἔρρωτο
1060 1462 1104 1540 oio
1126 1464 1182 1528 κατ’
1197 1458 1251 1528 τόν
1268 1462 1360 1528 ἐπεν-

195 1575 223 1630 P.
231 1575 265 1646 54
275 1561 369 1650 δότην
402 1563 499 1632 attis
519 1568 576 1631 καί
602 1563 659 1632 τόν
684 1570 804 1650 χιτῶνα
831 1563 950 1631 ἑαυτοῦ
974 1566 1033 1630 rod
1056 1564 1202 1644 σώματος
1227 1559 1284 1627 καί
1300 1559 1358 1645 τὴν

273 1663 470 1750 όθονοσιιεπῆ
498 1661 680 1751 καλόπτραν
708 1671 765 1752 τῆς
787 1670 927 1754 κεφαλῆς
952 1659 1132 1729 διαδιδόναι
1151 1665 1280 1747 πένησι,
1301 1664 1359 1726 καί
1459 1704 1463 1714 -

272 1764 443 1849 πράγματα
474 1766 626 1850 παρέχειν
651 1775 716 1842 τοῖς
745 1766 807 1853 ἀφ’
823 1762 927 1840 ἑστίας
946 1762 992 1848 μὴ
1014 1764 1133 1848 διφώσι
1152 1761 1251 1843 μόνον
1272 1759 1359 1826 αότό

271 1857 354 1929 όλλό
374 1862 431 1930 καί
457 1861 538 1950 πρός
573 1864 727 1952 οόπορίαν
745 1860 850 1932 ἄλλων
877 1865 1134 1950 τυρβαζυμόνοιςι
1175 1856 1231 1924 διὰ
1251 1862 1406 1934 saiso&

270 1962 327 2030 καί
348 1959 436 2048 παρό
465 1966 546 2030 ποῖοι
570 1968 630 2047 μὲν
666 1959 706 2050 ἦν
725 1968 888 2048 αἰδέσιμος
917 1962 934 2028 ό
963 1956 1066 2047 όνὴρ·
1110 1959 1186 2026 ddi
1205 1965 1356 2043 σεβαστο-

269 2059 395 2149 κρότιορ
415 2063 572 2140 Ἰσαόιιιυς
592 2061 610 2128 o‘
631 2067 689 2130 τοῦ
711 2067 868 2148 βασιλέως
888 2058 1047 2147 Μανοοὴλ
1067 2055 1242 2143 αότόαιμος
1258 2055 1357 2141 μόνον

269 2163 329 2226 ουἰι
349 2161 485 2231 όπόθυεν
507 2159 551 2240 οός
572 2165 656 2252 θεῷ,
675 2166 775 2228 α’κιῖνο
796 2166 946 2250 θεοφιλὲς
963 2163 1019 2225 καί
1036 2161 1191 2246 πρακτέου
1212 2162 1354 2240 οἰόμενος

270 2254 347 2346 όπερ
367 2251 407 2344 ἦν
431 2259 449 2324 ό
471 2260 670 2346 πατριάρχης
688 2261 922 2343 όποτιθὲμενος,
941 2253 1066 2324 κᾶκεῖνο
1088 2249 1188 2334 αὖθις
1204 2259 1356 2337 θεομισὲς

269 2359 327 2422 καί
352 2356 520 2439 ώνιυόμοτον
540 2353 615 2444 όπερ
639 2358 750 2425 οότοσί
776 2357 977 2443 ἀπηγόρευεν.
1016 2355 1133 2442 ἧμοόν
1152 2352 1274 2442 φατρία
1292 2354 1404 2425 κώνου

269 2452 342 2522 τότε
370 2457 543 2548 όντιόόξοον
571 2462 624 2545 τῆς
655 2461 770 2545 α’ρετῆς
806 2457 983 2542 ἀρχιερέων
1012 2459 1069 2520 καί
1093 2458 1152 2521 sos*
1178 2451 1354 2540 ίερυντότου

268 2556 384 2621 τούτου
408 2557 571 2635 όντιθττος
589 2567 686 2645 μοῖρα
709 2555 949 2640 εὐδιαβόλλουσι
968 2554 1027 2620 τόν
1046 2548 1146 2642 όνόρα
1166 2557 1210 2642 τῷ
1227 2559 1360 2636 βασιλεί

269 2653 313 2730 οός
331 2653 375 2740 τῷ
402 2654 531 2744 ἀδελφῷ
560 2657 699 2746 Ἰσαακίρ
726 2654 785 2742 τὴν
802 2660 968 2738 βασιλείαν
994 2654 1174 2738 μνώμενον,
1195 2651 1353 2738 λαθραίας

239 2750 325 2830 Βοός
343 2749 520 2840 προόπτους
541 2759 587 2832 εἰς
600 2753 637 2821 τό
656 2754 743 2842 ἱερόν
765 2757 895 2841 α’ρχεῖον
911 2751 1043 2831 α’νόδυυς
1061 2758 1122 2820 τοῦ
1140 2752 1352 2838 σοβαστοκρό.

337 2931 362 2988 7.
378 2911 530 2988 μετασχών
547 2917 578 2969 Α.
669 2935 707 2988 ¹7·
724 2915 898 2991 αότδαιμος]
923 2913 1109 2988 ώρδόμαιμος
1130 2916 1161 2968 A.
1232 2929 1275 2968 so.
1291 2931 1350 2987 φα·

335 2985 414 3062 τρία]
432 2984 543 3054 niptris
559 2988 589 3039 Β.
676 3003 719 3038 ον.
737 2985 796 3043 esd.
813 2987 903 3042 τοότυι
920 2985 1000 3056 παρὰ
1018 2991 1056 3058 spi
1075 2987 1106 3039 A.

267 3104 307 3160 cis
323 3104 480 3158 institutum
496 3121 611 3176 spuero
641 3105 730 3158 iuerat
747 3108 895 3176 amplexus.
913 3105 955 3158 ibi
972 3107 1001 3159 in
1019 3105 1115 3175 templi
1133 3104 1269 3158 vestibulo
1285 3120 1353 3174 pro-

266 3183 367 3230 strstus
385 3177 469 3230 cuivis
479 3175 612 3230 monacho
622 3177 721 3230 collum
732 3177 891 3230 calcandum
904 3177 1046 3247 praebuit,
1064 3174 1140 3247 quod
1157 3184 1352 3244 contraquam

265 3245 322 3301 sibi
340 3247 498 3317 expediret,
515 3247 667 3301 adamatum
684 3266 700 3300 a
717 3249 812 3318 primis
830 3249 909 3300 annis
930 3249 1052 3319 quietem
1069 3245 1240 3316 repudiasset
1256 3246 1351 3297 nullo-

266 3331 322 3386 que
342 3335 403 3370 cum
418 3319 507 3372 fructu
533 3319 662 3372 thronum
678 3318 816 3371 sublimen
835 3317 1044 3372 conscendisset.
1079 3317 1189 3370 Cosmus
1207 3332 1272 3368 vero
1290 3323 1351 3370 tum

265 3387 297 3440 in
313 3405 426 3441 numero
444 3389 621 3444 diaconorum
639 3398 717 3455 erut,
734 3391 823 3460 patrio
842 3389 989 3460 Aeginetu,
1007 3398 1036 3441 et
1055 3389 1177 3458 quamvis
1196 3386 1351 3440 eruditissi-

264 3473 342 3521 mus,
359 3457 490 3512 virtutum
507 3467 599 3514 tumen
617 3461 699 3514 choro
716 3469 776 3514 erat
793 3460 936 3524 illustrior,
958 3461 988 3511 in
1005 3459 1100 3530 primis
1116 3459 1287 3528 benignitate
1305 3475 1351 3510 er·

262 3543 297 3596 gs
314 3543 448 3598 pauperes
466 3531 596 3600 insignis3
634 3549 686 3584 une
702 3539 833 3602 tanquam
851 3531 881 3583 in
897 3531 1018 3600 pretioso
1038 3529 1135 3582 monili
1153 3545 1256 3598 gemme
1275 3527 1351 3580 radi·

262 3615 330 3661 eus,
358 3599 397 3652 sic
423 3599 482 3668 ipre
505 3601 578 3654 iuter
604 3610 719 3656 virtutes
750 3603 870 3672 reliquas
898 3599 1040 3666 elucebat,
1060 3599 1128 3652 adeo
1147 3599 1349 3670 utaliquando

260 3668 378 3740 pellium
398 3676 427 3722 et
442 3671 561 3722 tunicam
579 3679 607 3724 et
623 3673 724 3725 lineam
741 3674 888 3744 culpptrum
898 3673 995 3742 eapitis
1011 3669 1178 3742 pauperibus
1194 3671 1348 3724 misericor-

262 3737 309 3794 dia
325 3746 414 3792 motus
425 3738 610 3807 distribueret,
629 3760 680 3796 nco
695 3744 730 3796 de
749 3761 799 3796 suo
815 3752 923 3797 tuntum
942 3743 1093 3812 largiretur,
1109 3741 1159 3794 sed
1175 3742 1244 3795 ulios
1264 3742 1348 3793 etiam

261 3817 295 3864 ut
312 3827 462 3880 pauperum
488 3810 598 3881 inopiae
625 3814 803 3868 subvenirent
828 3815 992 3885 impelleret.
1020 3814 1063 3865 bis
1085 3811 1119 3866 de
1137 3814 1225 3865 cousis
1241 3811 1290 3865 ille
1305 3812 1350 3864 vir

261 3881 389 3934 omnibus
407 3888 466 3933 erut
483 3883 657 3935 venerabilis.
701 3887 819 3938 Isoucius
839 3903 905 3938 vero
921 3885 1058 3938 Mnnuelis
1075 3883 1160 3936 irater
1177 3883 1349 3936 sebastoers-

259 3958 305 4004 tor
322 3952 348 4004 ei
365 3959 472 4004 uotum
489 3969 545 4006 non
562 3953 730 4020 immolabat,
751 3956 781 4009 id
800 3955 852 4008 deo
872 3964 976 4024 gratum
995 3963 1024 4007 et
1039 3953 1196 4006 iaciendum
1211 3953 1347 4017 iudicans,

260 4020 336 4093 quod
353 4023 506 4092 patriarcba
526 4025 666 4091 monebst,
684 4036 777 4079 contra
794 4042 858 4079 vero
874 4025 992 4078 invisum
1005 4024 1058 4077 deo
1076 4033 1105 4078 et
1122 4023 1346 4085 abominandum,

258 4091 335 4163 quod
362 4093 385 4145 is
415 4095 533 4148 retubot
559 4104 589 4149 et
610 4096 694 4150 sectio
717 4097 878 4168 pontificum
906 4096 1016 4150 virtutis
1042 4095 1216 4148 inimieorum
1233 4101 1262 4144 et
1278 4091 1347 4146 huic

257 4163 421 4218 sanctissimi
441 4166 492 4219 riri
511 4166 637 4220 instituto
662 4161 863 4222 adres-sontium
880 4184 943 4218 eum
963 4165 1037 4236 apud
1056 4167 1246 4238 imperatorem
1265 4161 1344 4215 deie-

259 4243 336 4301 runt,
354 4236 433 4308 qussi
462 4237 565 4294 issicio
582 4238 659 4295 troni
682 4255 795 4310 regnum
810 4237 959 4294 censibus
974 4237 1113 4294 studeret:
1130 4235 1289 4294 manifestos
1307 4234 1346 4289 it·
