3017 4892
315 358 402 477 756
646 384 823 451 memte
849 382 1088 452 cnomsmr.

309 544 473 626 νηφαλίων
494 562 528 605 τε
541 542 596 605 ιιαί
619 538 758 625 α’ρίστων
777 542 818 628 τῇ
838 538 916 605 κατα
937 535 1074 621 πόλεμον
1092 533 1249 622 δεξιότητι
1272 534 1308 621 (δ
1322 536 1416 603 Δαίτ-

310 663 368 715 ιιας
388 632 474 703 οὗτοι
497 638 552 705 καί
570 636 587 702 d
610 638 796 723 Λύυιιαρις,
814 639 936 725 α’μφοῖν
958 640 988 701 δ’
1009 637 1028 723 ῆ
1049 638 1158 721 κλῆσις
1179 631 1353 717 δμαὶνυμος
1368 642 1417 723 τῷ

308 739 441 827 dompni
462 742 518 822 τῆς
548 742 681 815 πίστεως
711 741 858 823 βασιλεῖ)
889 736 934 814 ὥς
962 736 1037 819 περί
1065 732 1137 820 νηὸς
1172 736 1417 818 χειμαζομένης

309 838 519 924 διαφέρονται
538 841 593 923 τῆς
613 838 725 921 ἀρχῆς,
749 834 849 921 τύχης
861 836 1030 920 βρύβευμα
1042 834 1099 899 καί
1111 837 1217 921 φορᾶς
1234 835 1416 933 α’λυγιλποα

309 940 472 1018 πέττευμα
493 934 529 1001 τὸ
548 938 695 1020 μέγιστον
714 935 798 1018 6μοῦ
818 936 874 1000 καί
896 937 1089 1019 περίπυστον
1114 937 1227 1019 χρῆμα
1255 931 1320 1017 τήν
1346 938 1441 997 toiri

305 1038 473 1115 Ῥωμαίων
498 1038 666 1121 βασιλείαν
692 1031 827 1121 ὁρῶντες
859 1034 1072 1119 προκείμενον.
1115 1030 1319 1115 εἷστήιιεισαν
1353 1026 1417 1096 αἶα

310 1134 505 1222 ἀμφήριστοι
519 1132 574 1201 τόν
593 1139 693 1218 μέγαν
714 1132 866 1211 εἰσιόντες
886 1128 985 1211 νεών,
1016 1130 1236 1213 ύμιλλώμεναί
1250 1155 1285 1196 τε
1308 1132 1418 1215 ἀλλή-

309 1240 376 1312 λοις
396 1236 451 1299 καί
468 1236 769 1318 παραβαλλόμενοι,
795 1236 851 1299 καί
864 1234 967 1317 μηδὲν
980 1234 1076 1299 πλέον
1095 1222 1118 1316 ῆ
1137 1232 1269 1297 ἔλαττον
1280 1228 1417 1314 ἔχοντες

309 1332 390 1397 α’λλδ
412 1338 467 1417 τῆς
488 1330 558 1418 ἴσης
581 1332 678 1417 ῥοπῆς
706 1332 906 1413 α’ξίούμενοι,
938 1326 990 1395 δτι
1017 1324 1152 1416 μήδ’ῆν
1182 1328 1200 1393 ὅ
1225 1324 1417 1415 έλέγχωνῆ

308 1432 365 1497 καί
385 1434 553 1516 ἐπικρίνων
573 1428 735 1517 ἑκάτερον.
778 1433 816 1495 ἐκ
837 1432 873 1495 δὲ
893 1427 1012 1516 κλήρου
1034 1428 1069 1495 τὸ
1093 1438 1246 1515 πρωτεῖον
1267 1429 1457 1515 είλῆφαὶςιο

309 1530 326 1597 δ
354 1528 526 1616 Λύσκαρις
548 1529 589 1596 τύ
617 1533 677 1614 μὲν
708 1532 765 1615 τῆς
790 1531 958 1613 βασιλείας
991 1522 1029 1591 ού
1061 1531 1207 1614 προσίετο
1235 1526 1415 1610 σύμβολα,

279 1627 463 1709 (ἔσυνεξιούν
484 1632 520 1693 δὲ
541 1630 587 1717 τῷ
608 1628 793 1717 πατριύρχῃ
815 1623 894 1694 sarsi
918 1625 954 1691 τὸ
967 1628 1089 1694 Meiros
1104 1628 1162 1691 ουίι
1183 1626 1267 1691 ἆνίει
1285 1653 1416 1711 παραι-

308 1734 372 1797 νεῖν
395 1740 459 1806 τοῖς
486 1732 636 1796 συνιοῦσι
664 1728 720 1794 καί
745 1729 832 1815 σφοῖς
859 1726 1082 1792 ύποθωπεύων
1109 1730 1155 1803 είς
1183 1725 1418 1813 ἅντιμάχήσιν.

308 1827 391 1896 α’λλοὶ
413 1832 468 1895 καί
486 1825 562 1905 τούς
582 1832 723 1903 σείοντος
743 1831 778 1905 ἐξ
803 1820 900 1909 ὤμων
919 1824 961 1890 τύ
988 1822 1103 1912 ἅρεϊιιύ
1133 1825 1265 1909 σιδήρια
1292 1829 1330 1902 ές
1358 1826 1416 1893 τὸν
1484 1885 1485 1888 ,

307 1931 512 2014 προκείμενον
535 1926 644 2012 οἷγαῖνα
665 1932 798 2009 πέμπων
820 1925 988 2011 ἐπώτρυνε,
1006 1923 1052 2009 μή
1071 1928 1190 2009 χρῆναι
1210 1924 1316 2009 λέγων
1330 1922 1453 1991 ‘Pus-15

307 2031 414 2111 μαίων
434 2026 564 2093 ἔλαττον
580 2030 719 2105 ἐκείνους
740 2024 778 2092 τύ
805 2027 991 2091 διολωλέναι
1013 2026 1168 2104 δεδιέναι,
1198 2024 1230 2088 εἰ
1248 2022 1333 2110 πρὸς
1361 2030 1413 2109 γε’-

307 2150 361 2203 νυς
388 2127 501 2211 ’ἕτερον
533 2126 574 2193 τύ
602 2128 776 2208 Ῥωμαίων
821 2120 1178 2209 ύνακομβαλισθήσεται
1217 2126 1413 2209 πράγματα·

279 2298 283 2303 ,
309 2228 386 2291 οὐδὲ
416 2224 476 2310 γὰρ
506 2223 805 2311 μισθοφορήσουσιν
838 2226 937 2289 εἰσέτι
972 2222 1097 2308 ἁδρούς,
1131 2222 1208 2287 eddi
1239 2223 1326 2307 γέρα
1355 2250 1413 2290 πε·

309 2324 456 2411 ριῶνυμα
498 2328 555 2410 τῆς
597 2326 756 2408 βασιλέοιν
796 2326 942 2412 φυλακῆς
978 2320 1223 2406 ἀπολήψονται,
1266 2324 1343 2388 αλλ’
1379 2328 1412 2391 ἐι

308 2420 384 2512 αἴσῃ
418 2423 533 2509 Καρὸς
561 2421 755 2503 τετύξονται.
797 2428 854 2488 καί
880 2419 898 2487 d
931 2426 992 2504 μὲν
1013 2420 1094 2507 πρὸς
1116 2419 1238 2501 τούτοις
1271 2416 1327 2507 ῆν·
1371 2423 1447 2499 eim

309 2524 339 2587 δ’
361 2516 434 2587 odeo
455 2525 512 2587 τού
532 2521 593 2587 λειύ
616 2546 664 2598 τις
683 2526 746 2587 ταῖν
760 2525 876 2608 φωνῶν
895 2523 1120 2607 ἐπεστρέφετο,
1142 2526 1198 2585 καί
1216 2516 1297 2586 αύτδ
1323 2522 1410 2588 δὲτὸ

309 2615 526 2706 πελεκοφόροι
550 2619 605 2685 ἐπί
623 2624 732 2707 μισθῷ
751 2619 809 2705 τήν
831 2623 986 2707 ούναρσιν
1004 2620 1224 2705 ἐπηγγέλλετο,
1248 2622 1411 2707 ἐμπορίας

308 2717 422 2806 sarpis
443 2717 593 2797 ύπούλως
613 2724 669 2785 καί
688 2720 863 2797 ἐπικλύπως
892 2718 951 2807 τήν
977 2712 1084 2806 ἀκμήν
1102 2721 1161 2789 τού
1180 2718 1333 2787 κινδύνου
1364 2746 1410 2787 τι·

378 2878 403 2915 2.
422 2860 548 2937 δμφοῖν]
570 2865 618 2915 καὶ
639 2860 804 2935 α’μφδιεροι
824 2862 968 2934 deidonus
988 2862 1164 2937 καλούμενοι
1182 2864 1209 2915 s.
1313 2882 1358 2918 ιο.
1374 2867 1408 2917 ts

378 2932 421 3008 dt}
440 2936 548 3003 κλῆρον
568 2930 621 2989 οὖν
639 2934 787 3003 βάλλοντες
803 2935 833 2985 Β.
920 2936 958 3001 τί.
977 2933 1063 3008 ἀλλὰ]
1081 2939 1130 2987 καὶ
1147 2928 1216 2995 τούς
1239 2934 1408 3005 βαρᾶγγοας

357 3020 359 3023 ·
378 3003 411 3059 δὲ
424 3008 475 3058 ναὶ
492 3000 544 3065 τὰς
561 3002 734 3077 ποραμονδτ
749 3006 791 3065 εἰς
803 3002 855 3059 τὸν
868 3010 1062 3079 προκείμενον
1077 3005 1207 3078 διήγειρε
1226 3005 1361 3076 πόλεμον
1378 3007 1407 3056 Β.

310 3123 370 3177 dies
389 3122 450 3176 xv1
468 3124 636 3193 imperasset.
659 3132 724 3195 post
747 3126 807 3178 eius
827 3124 976 3178 discessum
1001 3124 1057 3177 duo
1075 3126 1188 3178 iuvenes
1208 3124 1410 3178 modestissimi

311 3204 341 3247 ct
358 3194 577 3259 bellicosissimi,
604 3196 694 3247 Duces
714 3204 743 3247 et
759 3196 895 3265 bassaris,
919 3205 1036 3265 uterque
1059 3196 1239 3259 Theodorus,
1259 3196 1296 3246 de
1316 3196 1410 3265 impe-

309 3267 352 3317 rio
370 3273 500 3337 tunquam
519 3266 554 3317 de
572 3282 641 3318 neve
659 3267 867 3337 tempestatibus
890 3267 1064 3319 conflictants
1092 3273 1211 3327 certant,
1237 3282 1298 3318 cum
1316 3268 1410 3317 maxi-

309 3352 382 3388 mnm
400 3346 428 3389 et
446 3336 610 3389 celebratam
631 3336 707 3389 illam
729 3354 785 3389 rein
802 3338 951 3393 llomenum
969 3338 1112 3409 imperium
1134 3338 1262 3390 fortunae
1280 3336 1408 3388 ludibrio
1484 3377 1485 3380 ι

311 3416 340 3459 et
358 3408 457 3459 incerti
476 3424 553 3459 casus
569 3408 720 3460 temeritati
739 3410 909 3477 propositum
924 3407 1056 3461 viderent
1075 3393 1222 3461 maximum
1239 3408 1325 3475 igitur
1334 3416 1410 3459 tem·

309 3477 386 3547 plum
406 3479 519 3546 ingressi
540 3480 613 3530 inter
632 3494 691 3531 sess
710 3479 923 3542 contendebant,
941 3496 993 3533 nec
1013 3488 1071 3530 erat
1087 3480 1135 3549 qui
1153 3480 1184 3531 in
1200 3481 1410 3547 comparatione

310 3548 392 3598 alteri
410 3550 658 3619 praeponderaret,
676 3548 809 3614 ambobus
832 3550 909 3602 velut
930 3550 960 3602 ln
978 3550 1145 3621 aequilibrio
1167 3550 1333 3601 constitutis.
1356 3566 1409 3601 ne-

310 3632 364 3687 que
388 3620 461 3669 enim
480 3628 539 3671 erat
557 3621 607 3691 qui
626 3637 767 3672 censuram
787 3629 836 3672 ant
853 3619 985 3672 iudicium
1006 3620 1117 3672 iaceret
1136 3621 1255 3672 Lascaris
1275 3628 1370 3671 tamen
1389 3637 1410 3671 a

310 3688 382 3737 clero
401 3690 553 3757 praelatus,
570 3692 723 3758 insignibus
740 3692 848 3759 imperii
866 3690 1030 3761 repudiatis,
1047 3710 1108 3743 cum
1128 3688 1283 3761 patriarcba
1302 3691 1334 3742 in
1352 3690 1410 3741 bii-

309 3756 378 3810 lium
397 3774 518 3825 egressus
537 3762 718 3814 confluentem
739 3762 871 3833 populum
893 3760 1063 3813 blandiendo
1089 3770 1117 3813 et
1140 3760 1261 3829 rogando
1281 3760 1316 3811 sd
1336 3762 1409 3811 resi-

309 3826 437 3880 stendum
455 3831 592 3884 cohortari
611 3850 666 3885 non
684 3832 852 3895 desistebat,
878 3842 907 3884 et
923 3833 1058 3885 satellites
1081 3830 1117 3883 ad
1142 3848 1259 3903 pugnam
1281 3833 1409 3883 concita-

307 3898 365 3951 bat.
389 3902 571 3969 nequeenim
598 3904 712 3955 esitium
732 3904 820 3955 miuus
842 3903 881 3954 eis
907 3902 1059 3956 timendum
1078 3918 1238 3973 essequam
1258 3904 1408 3964 Romanis,

308 3970 332 4021 si
353 3970 498 4041 imperium
516 3972 551 4023 ad
570 3972 652 4025 sliam
670 3974 811 4026 notionem
823 3972 1029 4040 devolveretur;
1046 3989 1139 4045 neque
1156 3973 1247 4043 amplo
1263 3973 1409 4042 stipendia

307 4058 400 4110 neque
417 4042 588 4113 imperatoris
608 4046 728 4114 stipendi
750 4046 882 4097 honorem
902 4052 1075 4110 retenturos,
1100 4044 1150 4096 sed
1174 4043 1409 4097 mercenariorum

307 4112 427 4164 militum
444 4112 506 4164 loco
528 4113 642 4175 futuros.
672 4116 773 4185 quibus
800 4114 891 4167 verbis
920 4132 982 4169 cum
1008 4132 1060 4167 nec
1088 4131 1104 4168 e
1128 4116 1232 4187 populo
1257 4116 1409 4185 quitquam

307 4191 480 4248 moveretur,
500 4200 552 4237 nec
570 4184 736 4253 bipenniferi
754 4187 810 4238 nisi
829 4185 968 4255 stipendio
987 4188 1122 4257 promisso
1133 4186 1263 4239 auxilium
1284 4186 1408 4255 promit-

307 4260 413 4321 terent,
432 4272 530 4327 urgens
550 4256 621 4309 illud
637 4258 791 4327 periculum
810 4256 911 4310 callide
932 4258 1127 4321 nundinatori,
1153 4258 1237 4311 etiam
1257 4254 1408 4326 casapin-
