3017 4892
355 349 410 413 ua
438 343 603 412 renuero
634 345 959 412 suumomni.
1105 321 1187 434 αρτ

113 493 188 566 dtas
202 499 386 580 διαδέχεται
405 493 461 580 τὴν
479 494 647 582 ἡγεμονῶν
670 493 690 560 ὅ
710 497 1006 582 ΒραυᾶςἎλέξως.
1044 493 1063 562 d
1084 499 1120 562 di
1140 498 1196 563 κατ’

111 598 209 664 πάλαι
228 600 288 680 μὲν
310 596 460 678 delapsas
484 596 523 681 τῇ
553 593 698 682 βασιλείᾳ
705 585 832 678 ,Λήναια
862 593 917 661 τὸυ
945 592 1023 660 κατὰ
1046 599 1196 662 Λατίνων

111 693 297 784 ἐστρατήγει
315 690 464 775 πόλεμον,
488 689 571 758 οἵστε
598 695 655 758 κατ’
672 691 792 779 υύοττωρ
824 697 881 760 τοῦ
902 696 1049 775 τεμένους
1080 687 1195 760 ἄδυτον

109 796 220 863 εἰσιών
240 795 403 860 οἶυασαίειυ
416 789 495 878 πρὸς
514 791 709 859 ἀποστασίαν
729 795 874 880 ἐπειρᾶτο
889 789 944 858 ada
957 784 1061 877 ὄχλου.
1102 789 1145 870 ὥς
1164 796 1198 860 d'

81 896 153 960 5ov'
173 888 357 978 προυχώρει
376 893 550 976 τηνικαῦτα
568 888 608 956 τὰ
629 886 746 956 ἑαυτοῦ
774 889 965 975 διαβούλωι,
995 889 1136 968 σπουδὰς
1159 895 1196 958 ἐκ

108 995 268 1076 βασιλέως
288 989 455 1073 δεξάμενος
474 991 533 1074 τήν
559 993 619 1072 μὲν
648 989 759 1078 ἔφεσιν
791 993 847 1057 κατ’
875 991 971 1056 πάλιν
997 986 1114 1076 ἔτρεφε
1137 986 1198 1074 τὴν

109 1091 231 1176 αὐτήν,
262 1089 405 1173 κατέχων
426 1090 482 1176 βίρ
504 1092 561 1154 καὶ
579 1081 687 1172 dyacona
710 1083 754 1168 cic
774 1088 869 1156 ἵππου
889 1088 1015 1176 saisiatae
1038 1087 1076 1154 τὸ
1108 1086 1198 1155 tuot

108 1211 215 1275 μυχου
236 1193 411 1278 φιλαρχου,
432 1184 504 1254 τότε
525 1190 561 1255 δὲ
588 1187 632 1265 ὥς
663 1187 759 1272 ξυρός
791 1185 906 1274 datrae
931 1197 988 1274 τῆς
1016 1191 1199 1275 συνδρομῆς

110 1291 177 1356 τῶν
196 1285 438 1379 στρατευμάτων
456 1284 630 1370 λαβόμενος
646 1282 805 1372 ciuitates
823 1285 940 1354 ἑαυτὸν
959 1290 1058 1374 πέρας
1077 1289 1199 1355 enesa-

66 1405 101 1450 10
112 1411 166 1456 ναι
184 1395 249 1467 τοῖς
268 1389 490 1472 σκεπτομένοις
506 1385 671 1474 πρότερον.
713 1386 770 1453 καὶ
787 1383 826 1474 δὴ
839 1384 1031 1472 συμβούλοις
1044 1389 1091 1466 εἰς
1105 1389 1231 1457 aanor.
1241 1401 1290 1472 ata

109 1634 240 1691 barbaros
256 1637 343 1692 vitata
360 1639 477 1709 planitie
494 1639 524 1691 iu
545 1637 685 1691 montibus
703 1653 732 1692 se
750 1647 845 1692 tenere
865 1637 1030 1701 assdirisset,
1047 1652 1104 1689 non
1124 1639 1196 1706 cogi-

109 1709 181 1762 tavit
196 1709 260 1760 illos
276 1709 484 1762 reficiendarum
504 1709 605 1762 virium
622 1724 710 1772 causa,
729 1717 759 1761 et
774 1727 831 1780 quo
847 1712 965 1763 tutiores
981 1710 1052 1771 sint,
1070 1708 1112 1758 ibi
1122 1725 1198 1758 com-

106 1779 218 1833 morari:
224 1777 273 1832 sed
280 1778 310 1830 id
315 1778 416 1832 lactum
425 1777 601 1832 timiditatem
610 1779 802 1848 interpretatus
813 1781 843 1832 iu
851 1780 942 1841 medio
950 1796 1044 1848 campo
1051 1786 1138 1829 castra
1147 1794 1199 1847 po·

107 1849 175 1914 suit,
181 1865 272 1920 neque
282 1851 413 1902 custodiis
420 1865 510 1918 neque
517 1849 638 1900 excubiis
646 1850 859 1902 accuratioribus
868 1866 1037 1919 usus,neque
1045 1848 1117 1900 vallo
1124 1865 1198 1899 com-

109 1915 228 1972 muuitd.
248 1919 342 1987 itaque
360 1927 442 1970 noctu
461 1935 477 1969 a
495 1918 618 1971 barbaris
636 1935 779 1988 oppressus
796 1921 842 1970 rix
857 1919 957 1983 evadit,
978 1919 1099 1970 exercitu
1116 1919 1200 1970 variis

106 1987 200 2042 modis
209 1987 318 2039 afflicto:
328 2004 390 2039 nam
402 1987 450 2040 alii
460 1989 579 2040 iacentes
591 1989 621 2040 in
632 1989 758 2040 tentoriis
767 1989 970 2052 occidebantur,
978 1989 1028 2040 alii
1039 1990 1157 2040 inermes
1169 1989 1200 2041 iu

107 2059 175 2128 fuga
186 2057 372 2127 capiebantur.
387 2059 509 2128 quivero
522 2074 609 2129 usque
622 2057 657 2108 ad
665 2059 786 2110 Caesaris
797 2057 1002 2112 tabernaculum
1015 2057 1200 2128 profugerant,

106 2129 243 2184 maiorem
260 2127 319 2180 eius
340 2145 422 2212 quam
441 2127 561 2180 hostium
579 2127 756 2181 acerbitatem
775 2136 839 2181 suut
856 2129 977 2199 experti,
994 2144 1010 2178 a
1027 2144 1082 2198 quo
1103 2135 1200 2180 contu-

108 2199 202 2254 meliis
223 2204 256 2252 ut
277 2197 431 2268 proditores
449 2197 704 2269 proscindebantur.
730 2207 762 2252 ut
785 2206 877 2251 sutem
903 2206 1059 2268 susceptum
1078 2197 1200 2254 dedecus

110 2269 255 2332 aboleret,
274 2277 392 2322 armatus
410 2269 555 2322 Arabicum
578 2287 678 2340 equum
697 2269 871 2334 conscendit,
898 2276 1030 2340 scutoque
1055 2269 1085 2320 in
1101 2284 1199 2325 manus

109 2347 222 2410 sumpto
242 2338 272 2391 in
287 2340 424 2392 consertos
441 2340 533 2392 hostes
558 2349 599 2392 est
616 2341 757 2405 invectus,
778 2341 928 2393 vociferans
945 2337 1111 2409 „sequimini
1127 2340 1198 2402 me,”

109 2428 175 2464 cum
192 2425 244 2461 uec
263 2409 370 2462 videret
386 2427 477 2480 neque
494 2412 577 2463 sciret
601 2427 656 2480 quo
684 2411 738 2463 iret
769 2419 818 2463 aut
846 2409 914 2480 quid
936 2410 967 2463 iu
993 2410 1090 2462 castris
1112 2409 1199 2462 lieret.

109 2481 240 2535 Romanis
259 2479 299 2531 ita
315 2479 394 2534 victis
412 2489 441 2534 et
459 2481 638 2550 fugientibus,
656 2483 747 2534 omnia
765 2479 940 2534 tabernacula
960 2488 1025 2533 suut
1045 2479 1200 2549 direptalet

109 2551 214 2606 vexilla
233 2558 312 2620 capta
329 2559 357 2604 et
373 2567 473 2604 aureae
493 2551 614 2604 Caesaris
631 2560 720 2604 vestes
733 2551 888 2620 ferrugineo
900 2551 991 2603 colore
1001 2549 1200 2620 interpunctae3

108 2638 182 2693 quas
199 2621 292 2674 Petrus
312 2629 341 2674 et
357 2621 429 2674 Asau
446 2621 611 2686 induerunt,
629 2631 693 2674 ante
712 2623 860 2675 exercitum
876 2621 1045 2686 incedentes,
1063 2630 1092 2673 et
1107 2621 1200 2674 taber·

109 2691 213 2746 nacula
231 2707 280 2743 sua
301 2690 331 2744 iu
358 2692 475 2762 planitie
499 2693 624 2746 fixerunt.
650 2693 766 2764 imperio
784 2693 972 2746 Cantacozeno
990 2692 1101 2744 Caesari
1118 2693 1200 2745 abro-

110 2771 191 2834 gato,
212 2759 269 2814 dux
287 2761 374 2816 totius
392 2763 527 2816 exercitus
545 2760 697 2817 declaratus
716 2773 758 2816 eet
776 2767 876 2818 Brauas
894 2763 1025 2828 Alexius,
1041 2762 1119 2816 brevi
1137 2762 1202 2832 qui-

111 2831 179 2892 dem
196 2832 246 2884 ille
265 2840 385 2895 statura,
412 2833 460 2885 sed
478 2851 575 2904 magno
600 2835 709 2903 iugenio
736 2843 766 2887 et
792 2835 939 2904 prudentia
959 2835 1018 2897 vir,
1044 2840 1127 2901 atque
1151 2832 1202 2883 ille

78 2939 82 2952 .
110 2912 208 2957 aetate
229 2918 348 2956 summas
366 2904 519 2972 imperator.
538 2905 586 2974 qui
606 2907 726 2957 exercitu
745 2913 881 2974 succepto,
898 2920 955 2956 uon
966 2902 1135 2954 confidenter
1152 2901 1201 2953 sed

111 2975 309 3042 circumspecte
330 2981 416 3026 casua
432 2975 601 3038 metabatur,
619 2977 751 3029 instructa
771 2973 947 3044 progrediens
964 2973 1041 3036 acie,
1066 2980 1149 3041 atque
1169 2972 1201 3024 iu

111 3045 143 3098 id
167 3045 290 3097 intentus
305 3051 338 3094 ut
356 3053 384 3095 et
402 3045 508 3096 bostem
528 3045 698 3098 detrimentis
717 3045 835 3096 afficeret
857 3053 886 3098 et
904 3058 998 3096 omues
1016 3041 1108 3112 copias
1126 3041 1201 3110 peri-

111 3116 173 3168 culi
191 3122 314 3184 expertes
341 3123 518 3168 couservaret.
545 3116 585 3166 ita
609 3115 703 3168 multis
730 3116 863 3184 angustiis
888 3113 1038 3185 superatis,
1058 3111 1095 3162 ed
1110 3111 1202 3164 locum

111 3186 165 3256 qui
181 3185 266 3253 Niger
285 3184 406 3236 tumulus
424 3184 524 3238 dicitur
543 3187 674 3256 pervenit.
697 3186 737 3237 ibi
764 3187 859 3238 castris
876 3185 975 3255 positis
992 3183 1121 3252 valloque
1139 3199 1202 3234 anu-

110 3257 174 3309 atto
195 3257 233 3306 rei
252 3254 322 3306 bene
339 3255 473 3322 gerendae
483 3273 559 3326 spem
574 3255 731 3308 bominibus
746 3256 883 3308 afferebat.
900 3253 948 3307 sed
967 3269 1028 3304 cum
1038 3253 1113 3320 regni
1124 3253 1203 3321 cupi-

112 3327 204 3378 ditate
223 3333 357 3395 perpetuo
379 3334 533 3390 aestuaret,
551 3334 609 3379 tum
630 3329 750 3380 suburam
767 3345 846 3378 suum
869 3325 1024 3377 declaravit
1043 3339 1106 3374 narn
1127 3321 1203 3376 idem

111 3399 216 3448 Brauas
235 3413 296 3448 cum
313 3397 431 3465 primum
448 3398 483 3450 ab
502 3399 665 3466 imperatore
683 3397 738 3448 dux
755 3397 791 3448 ad
806 3397 912 3449 bellum
937 3394 1059 3446 Siculum
1082 3393 1201 3457 missus,

113 3466 220 3519 auxilia
235 3467 429 3519 Germanorum
448 3483 518 3540 quae
534 3474 675 3537 acceperat
694 3467 760 3519 satis
777 3467 879 3519 habere
897 3465 996 3516 virium
1016 3463 1051 3514 ad
1069 3463 1202 3517 iuvandos

112 3545 231 3590 conatus
248 3554 312 3591 suos
330 3545 403 3590 ratus
425 3539 499 3610 (naua
519 3539 646 3590 Romanis
664 3539 818 3607 legionibus
842 3545 950 3590 tautum
974 3552 1032 3587 nou
1050 3533 1155 3587 fidebat
1170 3543 1204 3587 ut

113 3607 156 3660 eis
176 3608 320 3661 consilium
338 3625 417 3660 suum
437 3609 543 3678 aperire
566 3608 692 3680 auderet)
716 3609 831 3661 eandem
856 3608 928 3659 viam
955 3615 984 3659 et
1012 3606 1071 3676 ipse
1095 3605 1203 3674 ingredi

113 3679 215 3731 statuit
224 3696 295 3749 quae
313 3679 445 3731 isaacium
458 3677 493 3730 ad
513 3679 657 3748 imperium
675 3679 854 3750 perduxisset.
872 3678 956 3747 igitur
971 3693 1097 3746 maguum
1115 3676 1141 3728 S.
1152 3677 1204 3728 So·

114 3747 201 3818 pbiae
219 3749 352 3821 templum
370 3751 523 3819 ingressus,
543 3751 571 3802 iu
590 3751 682 3802 medio
701 3759 776 3802 stans
794 3765 874 3820 opem
891 3749 1089 3800 introeuntium
1108 3754 1204 3799 contra

40 3823 44 3838 '
113 3819 240 3890 iniquam
259 3829 288 3873 et
305 3838 456 3891 perversam
480 3821 651 3891 imperatoris
669 3821 753 3885 iram,
781 3837 863 3891 quem
884 3819 961 3872 nulla
987 3835 1018 3870 re
1044 3817 1205 3872 offendisset

80 3903 83 3908 '
113 3905 208 3961 napae
227 3892 374 3963 quicquam
391 3901 499 3961 praeter
515 3891 643 3944 mandata
661 3901 690 3946 et
704 3893 874 3944 voluntatem
890 3890 948 3942 eius
965 3890 1084 3953 iecisset,
1102 3888 1205 3958 implo-

114 3967 173 4023 rat,
198 3968 229 4014 et
253 3979 296 4014 res
321 3971 409 4030 gestas
437 3981 501 4016 suas
527 3963 665 4022 celebrare
690 3963 819 4015 instituit.
845 3981 898 4026 „an
922 3962 1069 4030 ignoratis'’
1096 3959 1205 4029 inquit,

115 4030 201 4096 „viri,
221 4047 301 4102 quam
320 4033 429 4085 sortiter
447 4035 477 4084 in
495 4033 577 4086 bellis
595 4051 639 4086 me
658 4031 804 4103 gesserim?
824 4043 855 4086 ut
872 4033 963 4084 hostes
981 4034 1079 4084 iterum
1097 4047 1129 4081 ac
1146 4036 1204 4081 ter-
1255 4074 1259 4084 .

116 4101 185 4152 tium
203 4102 339 4156 industria
357 4120 416 4154 mea
437 4104 620 4172 superarim?”
641 4113 669 4156 et
688 4105 820 4174 populum
840 4103 875 4155 ad
892 4103 1057 4156 seditionem
1075 4099 1204 4153 concitat.

116 4177 149 4222 ut
167 4181 258 4230 autem
279 4192 308 4227 se
326 4173 397 4226 nibil
414 4175 545 4242 proficere
557 4175 680 4238 videbat,
699 4177 832 4246 promissa
850 4175 884 4226 ab
901 4177 1065 4245 imperatore
1083 4169 1204 4241 imponi·-

116 4246 174 4303 lilfl
191 4245 297 4320 coeptie
323 4243 447 4314 desiliit,
477 4245 573 4308 eedem
596 4247 747 4332 cupiditate
773 4245 952 4329 nibilominus
981 4251 1104 4310 retentura
1124 4240 1201 4296 cuius
