3017 4892
529 377 794 447 BREVlthlhil.

109 533 270 602 elren-iptio
288 533 335 602 (a).
372 535 490 586 diesim
509 533 659 587 comnenus
675 531 802 587 relictum
815 535 955 606 imperium
966 533 1079 609 frustra
1098 546 1203 605 repetet.

108 607 218 658 isaacii
240 619 266 656 ct
286 606 379 656 Aleaii
397 605 459 668 filii
477 601 618 656 dissidium
635 605 781 674 turpitudo
797 607 930 660 vecordia
945 606 1138 659 monachorum
1154 625 1205 660 as-

107 675 319 727 sentationibus
339 675 462 733 faunum
484 676 630 726 Mineruae
646 688 767 727 statuam
777 693 885 729 aeream
897 678 973 744 plebs
984 679 1143 728 comminuit
1154 677 1204 748 (3).

109 746 218 797 Latini
247 747 355 811 rapinis
382 741 522 796 incendiis
539 745 624 816 sem
651 757 820 814 grassantur
835 749 867 798 in
882 749 1058 812 Byzantinos.
1092 748 1208 798 Alcaius

114 815 217 868 Ducas
227 815 381 882 llus-austae
394 814 505 865 Latinis
523 817 633 866 resistit.
650 813 749 869 seditio
768 825 868 868 contra
884 819 1020 870 isaacium
1038 824 1064 868 et
1080 817 1208 868 Alesiam

114 887 244 954 Angebs
258 887 306 951 (4)
350 885 486 938 Nicolaus
509 885 636 936 Canobus
652 883 813 938 adolescens
838 903 856 938 a
872 887 948 956 pleis
967 888 1075 939 invitm
1089 889 1208 955 impera-

113 967 162 1006 tor
181 957 381 1024 inauguratur.
417 953 529 1006 isaacio
549 956 669 1006 animam
693 969 791 1026 agente
807 956 922 1008 Aietius
938 957 1017 1021 {ilius
1032 956 1087 1008 sihi
1108 975 1209 1010 consu·

112 1025 155 1075 lit
191 1025 350 1095 Kerauslus
369 1036 457 1076 astute
477 1022 594 1086 delicit,
621 1033 647 1077 et
672 1025 785 1079 Canalo
811 1044 940 1100 oppressa
958 1028 1021 1079 vita
1036 1027 1208 1097 spoliatio).

265 1159 330 1220 ne
368 1159 564 1222 soemo
601 1161 739 1223 oues
774 1159 1071 1244 munzucco.

189 1291 288 1343 Alesii
305 1291 402 1373 lineas
424 1293 559 1364 liursufli
576 1293 726 1376 ingenium.
754 1295 936 1364 locupletibus
953 1293 1077 1347 multatis
1093 1293 1163 1346 hello
1181 1307 1211 1346 ss

117 1377 216 1432 pantes
231 1362 358 1428 feliciter
373 1375 466 1432 perat.
487 1381 505 1414 a
523 1365 633 1415 Latinis
645 1363 765 1432 sugatur
779 1368 828 1433 (ι).
862 1366 1075 1438 pacificationis
1092 1377 1210 1417 conatus

123 1433 209 1482 irriti.
227 1431 305 1483 urhis
334 1435 505 1504 oppugnatio
525 1431 925 1576 eapugrpatipdpltplspiepssspm
943 1455 957 1487 e
977 1435 1211 1558 35:132leinss

121 1518 174 1552 nus
192 1503 313 1554 Graecos
332 1505 365 1553 in
376 1503 478 1572 sagam
494 1506 578 1554 uertit

122 1583 147 1621 et
166 1571 294 1623 lucaris
315 1571 430 1642 frustra
450 1571 484 1624 de
502 1573 616 1642 insperso
648 1573 827 1626 contendunt.
844 1577 921 1628 urhis
939 1575 1059 1646 direptio
1078 1585 1105 1627 et
1121 1576 1212 1628 sacri·

119 1641 254 1707 legiorum
270 1640 428 1711 deploratio
449 1645 497 1712 (3).
531 1643 694 1696 Latinorum
720 1646 751 1695 in
770 1646 838 1697 urle
854 1643 1083 1715 depraedationes
1104 1657 1130 1696 et
1147 1646 1211 1696 alia

117 1709 240 1779 flagitia.
265 1709 414 1764 eorundem
441 1713 598 1765 insectatio.
641 1715 796 1766 Sarraceni
819 1717 930 1767 latinis
955 1715 1134 1767 humaniora
1162 1714 1210 1782 (4).

120 1779 282 1848 Deplaratio
312 1779 390 1832 urhis
407 1783 519 1852 prolixe
543 1780 682 1852 descripta
707 1801 759 1854 pes·
784 1783 908 1836 Nicetam
928 1786 978 1853 (5).
1022 1785 1166 1855 Confessio
1182 1794 1211 1832 et

120 1852 270 1902 invocatio.
283 1851 429 1922 multiplea
447 1851 511 1904 item
524 1853 680 1906 consolatio
690 1867 716 1906 et
727 1850 767 1906 ad
772 1856 972 1924 poenitentiam
989 1852 1175 1920 adhortatio(
1190 1855 1211 1920 ).

143 1984 207 2046 DE
228 1979 398 2048 RERUS
421 1987 550 2050 Post
574 1988 785 2050 CAPTAM
805 1985 978 2049 uuum
1005 1984 1193 2048 GESTIS.

185 2115 302 2170 Nicetes
326 2118 463 2170 rationem
490 2115 579 2172 reddit
601 2135 655 2173 cur
681 2132 743 2188 post
770 2132 955 2192 expugnatam
979 2138 998 2172 a
1013 2118 1124 2171 Latinis
1143 2119 1214 2189 Cpo·

119 2187 166 2238 tt.
184 2188 298 2240 Solonis
325 2190 472 2258 exemplum
492 2206 549 2241 nan
568 2193 605 2241 sit
623 2190 801 2259 imitatus(t).
839 2191 1006 2243 Graecorum
1024 2187 1127 2242 cladem
1145 2193 1212 2242 nul-

117 2258 146 2309 la
163 2255 299 2328 prodigia
323 2272 542 2327 praecesserunt.
569 2272 667 2330 captae
685 2262 762 2313 urbis
785 2261 951 2314 miserrimas
968 2271 1061 2312 status.
1095 2261 1212 2314 Nicetes

114 2329 271 2398 peculiaris
292 2325 420 2382 condicio
439 2327 487 2399 (α).
526 2331 608 2383 Miris
632 2329 719 2382 modis
736 2343 921 2382 conservatur
940 2333 1070 2391 Nicetes,
1089 2330 1140 2402 qui
1159 2349 1211 2383 no·

116 2397 197 2450 lilasi
214 2397 356 2468 virginem
373 2415 391 2449 a
411 2400 533 2468 raptoris
556 2417 638 2451 manu
656 2397 808 2470 prudenter
823 2399 951 2451 vindicat
970 2401 1018 2469 (3).
1054 2401 1120 2451 Cum
1136 2418 1211 2452 moe-

116 2469 198 2518 nuos
210 2467 290 2520 urbis
301 2467 414 2520 Nicetes
429 2469 614 2538 expostulatio
624 2481 650 2522 et
666 2470 742 2524 uelis
753 2469 895 2524 adlocutio
909 2471 1065 2539 inaniaque
1080 2482 1149 2521 vota
1160 2472 1211 2540 (4).

114 2539 234 2590 llitetae
252 2549 282 2588 et
299 2535 419 2590 aliorum
428 2540 552 2590 caseolum
564 2539 699 2610 fortuna,
715 2541 814 2610 populi
831 2540 895 2592 item
912 2553 939 2592 et
958 2539 1076 2592 militum
1093 2539 1212 2592 licentia

115 2605 288 2658 describitur
305 2605 356 2675 (5).
400 2609 477 2660 inter
494 2607 584 2661 Duces
601 2609 714 2662 Latinos
731 2606 841 2662 sortitio
857 2611 1070 2678 prouinciarum
1090 2608 1212 2660 nondum

115 2678 306 2729 menarum.
327 2678 359 2728 in
376 2679 497 2731 comitiis
515 2681 600 2748 regiis
618 2681 776 2733 sortitionis
785 2683 864 2732 ciues.
887 2678 1041 2732 halduinus
1060 2679 1212 2732 flandriae

116 2765 207 2800 casses
226 2743 357 2798 Danduli
373 2765 460 2819 opera
481 2761 595 2802 creatur
611 2753 769 2820 imperator.
787 2747 908 2802 eiusdem
924 2749 1042 2819 elogium
1060 2747 1108 2816 (6).
1143 2749 1212 2802 Bal·

115 2815 222 2868 duinses
239 2815 382 2882 imperium
398 2817 524 2870 stabilire
551 2816 649 2876 studet.
676 2815 715 2872 ad
737 2837 798 2872 eum
815 2819 979 2888 Bonifatius
997 2818 1122 2870 marchio
1139 2817 1212 2887 defi·

116 2890 176 2948 cit,
200 2897 229 2936 et
247 2888 447 2938 reconciliatus
465 2890 611 2941 Graeciam
629 2902 745 2960 occupat
763 2888 810 2959 (7).
846 2889 983 2941 Honricus
1001 2886 1213 2958 Balduinisra-

116 2969 161 3010 tce
179 2969 209 3010 et
225 2957 325 3007 Petrus
341 2957 474 3010 Plancius
491 2959 611 3012 Asianos
634 2960 714 3012 urbes
732 2969 878 3030 occupant.
912 2959 1017 3012 ennae
1032 2960 1118 3010 irrita
1137 2959 1213 3010 obsi·

115 3025 174 3079 dio.
214 3023 373 3076 modom
391 3023 639 3099 Philadelphiensis
660 3029 695 3081 ab
710 3031 831 3082 Hearico
848 3031 1021 3102 profligatus.
1042 3027 1212 3080 marchionis

117 3099 150 3146 iss
168 3097 293 3148 Graecia
310 3099 509 3164 grassationes.
544 3099 645 3152 Leonis
661 3101 756 3152 Scurii
779 3099 898 3169 Nauplii
915 3099 1045 3166 tyrannis
1089 3096 1215 3149 Michael

119 3165 272 3219 fflniates
291 3165 405 3218 leonem
421 3168 517 3236 placat
537 3168 587 3238 (8).
623 3172 726 3222 Scurus
741 3170 834 3221 Alexis·
850 3169 1027 3239 imperatoris
1042 3165 1134 3236 filiam
1153 3167 1213 3220 Eu·

116 3233 232 3289 daciane
252 3232 339 3286 ducit.
384 3237 520 3305 Murusfli
541 3239 706 3291 miserabilis
726 3236 864 3291 interitus.
882 3238 1007 3290 marchio
1027 3237 1146 3289 Graecia
1161 3257 1213 3306 po·

117 3307 197 3356 ciues.
234 3307 340 3358 Scurus
367 3307 598 3362 Acrocorinthum
623 3309 758 3377 confugit.
791 3309 905 3361 Alesius
931 3307 1042 3376 imperii
1057 3308 1213 3375 insignibus

116 3377 236 3426 exuitur
250 3373 300 3442 (9).
345 3375 449 3428 Graeti
464 3377 563 3430 milites
587 3395 605 3430 a
625 3373 734 3431 latinis
752 3375 893 3444 repudiati
913 3375 1076 3428 Blachorum
1093 3393 1143 3444 ope
1161 3395 1212 3430 ur-

118 3445 167 3495 hes
186 3443 225 3496 ad
242 3443 423 3508 desectionem
447 3446 598 3516 impellunt.
632 3450 728 3501 Latini
755 3445 948 3528 occidentales
965 3445 1044 3498 urhcs
1063 3462 1212 3530 recupera-

117 3515 511 3650 :istih‘ftlcl‘itJht
531 3515 1212 3660 illl,hi.;⁴2⁶titl⁰ih.hl‘litim.

117 3651 294 3706 occiduntur.
336 3653 486 3708 Dandulus
516 3655 611 3728 effugit
636 3658 701 3728 (ιο).
745 3656 846 3710 Gracci
863 3677 881 3709 a
896 3657 1003 3724 Scythis
1020 3669 1046 3710 et
1063 3674 1081 3708 a
1100 3657 1212 3710 Latinis

119 3737 268 3775 ceremur.
308 3727 449 3790 Mysorum
468 3735 493 3778 et
506 3725 666 3782 latinorum
686 3745 783 3799 pugna
804 3725 844 3778 ad
856 3729 963 3782 Serras.
983 3725 1107 3780 marchio
1127 3727 1212 3780 Thes-

118 3794 335 3846 salonicensium
352 3793 534 3864 desectionem
558 3799 709 3852 ulciscitur.
752 3798 845 3851 Alexii
860 3798 1006 3869 relegatio.
1025 3795 1212 3852 marchionici

120 3861 212 3915 denseo
235 3883 254 3916 a
280 3863 388 3929 Scythis
410 3869 569 3918 vincuntur
596 3880 622 3920 et
645 3869 725 3920 urhcs
742 3869 878 3921 amittunt.
925 3865 1023 3920 latini
1039 3868 1071 3918 in
1085 3867 1209 3920 Thracia

117 3935 363 4006 grassamur-(ss)
398 3935 537 3990 Henricus
554 3937 688 3990 Balduini
718 3951 795 3992 rater
808 3941 908 4009 Aprum
918 3939 952 3989 vi
964 3949 1119 4009 expugnat,
1139 3939 1210 3989 Ore-

117 4002 233 4056 stindem
251 4005 363 4074 frustra
385 4019 534 4076 oppugnat.
570 4009 643 4061 Petri
669 4010 783 4061 Pancii
798 4025 887 4062 casus.
916 4008 976 4061 lues
1002 4019 1029 4062 et
1047 4007 1141 4078 sames
1160 4009 1210 4062 oh·

117 4073 254 4128 sidionem
273 4075 397 4128 solvunt.
412 4073 634 4144 Didymotichum
650 4079 726 4132 Euri
745 4077 930 4132 exundatione
949 4074 1096 4146 defensum.
1117 4081 1209 4132 Grae·

117 4146 178 4196 tiae
199 4148 371 4200 miserrimus
398 4159 484 4200 status
502 4143 569 4214 (st).
611 4150 800 4204 Mausoromes
815 4148 943 4201 Laetaris
960 4161 987 4200 et
1007 4148 1159 4202 Comncnus
1176 4151 1208 4199 in

118 4215 231 4269 Oriente
256 4215 290 4271 de
317 4217 436 4286 imperio
465 4215 643 4270 contendunt.
686 4219 898 4289 Philippopolim
924 4219 1040 4280 Blachi,
1060 4217 1207 4272 lhraciam

117 4285 235 4348 Scythae
256 4297 379 4343 canant
400 4285 499 4341 Latini
517 4285 555 4340 sd
574 4289 682 4343 husiun
702 4291 812 4344 caesia
831 4287 938 4357 Scythis
956 4288 1020 4358 (ts).
1056 4289 1205 4340 Multarum
