3017 4892
277 349 363 442 308
593 373 767 442 arcesse
795 370 1030 439 cuouume

274 527 400 598 σάντων
419 523 474 592 κατ’
490 523 564 602 τούς
582 520 760 598 στονιοποός
786 520 994 608 διειληφότων
1011 518 1123 586 όπόσοι
1143 522 1224 609 πρός
1246 523 1280 589 τό
1300 525 1356 605 μό·

274 653 317 714 φα
335 631 464 710 τέμενος
484 627 654 712 φέρουσιν,
676 618 694 687 ό
713 644 748 689 τε
767 623 867 707 δῆμος
886 623 947 685 τοῦ
965 622 1149 704 ἐπιβοηθεῖν
1168 623 1206 709 τῇ
1229 627 1357 688 Καισα.

274 728 368 813 ρι’σση
388 723 549 789 ἑπαόσατο
566 720 619 787 διά
637 719 672 788 τό
688 723 785 787 πᾶσιν
799 718 914 804 ἔφοδον
927 727 993 795 τοῖς
1009 714 1118 794 ὅπλοις
1138 717 1356 806 ἀποταφρτότ-

273 828 372 906 σόαι,
403 820 457 887 καί
484 819 514 886 ot
541 821 576 886 ἐκ
597 823 656 886 τοῦ
675 818 769 904 ispani
794 815 969 895 ἐπεξιόντες
987 820 1045 881 καῖ
1060 813 1120 902 τήν
1141 819 1280 884 αόλαόαν
1300 821 1358 884 τοῦ

245 921 522 1006 ΒΑάμοοοτεοῖνος
547 918 789 1004 άπερβαάωντες
822 920 878 982 κατ’
908 925 975 994 τοῖς
1004 921 1182 999 βασιλικοῖς
1211 927 1384 1002 στρατοῖς5

273 1020 353 1088 κατά
371 1019 431 1096 τάς
450 1015 566 1103 ἀγυιάς
585 1017 849 1101 συμπλεκόμενοι,
869 1013 968 1101 όλόγοι
980 1014 1061 1103 πρός
1083 1021 1209 1093 πλείους
1227 1019 1356 1098 διαμιλ-

273 1119 417 1203 λώμενοι,
439 1123 528 1203 δῆλοι
550 1111 631 1202 η’σαν
648 1115 816 1199 κάμνοντες
829 1111 890 1202 ἤδη
904 1119 961 1182 κατ’
973 1113 1056 1181 κατά
1067 1115 1174 1202 βραχό
1195 1120 1253 1182 sori
1273 1121 1357 1198 θαρ·

273 1209 389 1309 ραλόόυ
410 1213 636 1300 όπεκλωόμενοι
655 1213 807 1301 λη’ματος.
830 1216 886 1279 καὶ
904 1209 989 1280 οότω
1009 1217 1042 1280 δ’
1063 1207 1119 1281 οόν
1138 1213 1178 1281 τά
1199 1217 1254 1300 τῆς
1274 1240 1357 1296 σομ-

272 1321 391 1404 πλοκῆς
415 1311 586 1400 ἐνειστήκει
614 1317 788 1402 λαμπρῶς,
818 1311 875 1379 καί
891 1313 984 1398 μάχη
1002 1314 1181 1399 σονέρρωγε
1199 1310 1354 1399 καρτερά,

272 1418 294 1504 ἦ
314 1420 374 1498 μὲν
394 1412 457 1482 ἀπό
481 1412 580 1494 τόξων
598 1418 697 1499 βολῆς
716 1411 736 1499 ἦ
761 1415 797 1479 δὲ
816 1416 923 1480 κοῖόν
942 1416 1055 1499 χερσὶν
1075 1414 1263 1498 ἀγχώμαλος
1270 1463 1282 1496 ,
1301 1417 1358 1480 κατ’
1368 1439 1405 1481 so

269 1518 377 1592 στόνος
399 1518 459 1599 μὲν
479 1518 543 1580 τῶν
562 1515 782 1600 πληττομένιον
807 1511 1031 1599 όπικτλεοσμός
1052 1516 1088 1579 δὲ
1106 1517 1168 1579 τάν
1188 1509 1356 1596 ἀναιροόν-

268 1638 333 1681 των
359 1609 556 1700 ἑκατέρωθεν
586 1613 755 1698 ἒξηκοόττο.
808 1615 869 1688 ἕως
893 1615 954 1696 μὲν
978 1605 1036 1678 ais
1056 1616 1218 1696 σταθεράς
1233 1636 1356 1696 μεσημ-

269 1717 364 1799 βρίας
393 1705 470 1798 ἦνῆ
499 1714 588 1796 μάχη
618 1711 808 1798 ἀμφιπαλὴς
835 1714 894 1776 κατ’
919 1712 939 1797 ἡ
963 1715 1032 1796 νίκη
1065 1711 1284 1799 ἀμφήριστος,
1304 1715 1355 1776 ἐπ’

269 1812 342 1899 ἴσης
360 1815 423 1878 τῶν
454 1807 643 1898 ἀμφοτέρων
669 1807 913 1895 στρατευμάτων
942 1807 1176 1877 ταλαντεόοοσα
1196 1811 1253 1888 τάς
1272 1812 1354 1876 πλά-

270 1935 417 1996 στιγγας,
438 1907 588 1977 κλόνονσά
607 1933 642 1976 τε
663 1905 726 1976 ἀνά
745 1913 843 1996 μόρος
866 1907 923 1975 κατ’
942 1902 1040 1986 αὖθις
1060 1904 1222 1994 ἀνάγοσσα
1244 1911 1280 1977 τό
1298 1915 1353 1976 τό.
1367 1918 1403 1980 15

270 2034 307 2076 ss
325 2007 523 2096 μαχόμενον·
574 2013 631 2096 τῆς
652 2012 684 2075 δ’
710 2009 833 2095 ἡμέρας
851 2002 915 2094 ἤδη
941 2009 1159 2095 δπολημοάσης
1177 2011 1354 2097 περιφανὴς

270 2107 382 2194 ἧνόιη
417 2117 485 2186 τοῖς
511 2109 546 2174 s'n
566 2112 721 2194 βασιλέως
752 2111 979 2195 προσέρριψεν.
1020 2107 1178 2189 ἀσάμενοι
1196 2107 1256 2194 γάρ
1281 2109 1355 2186 τσός

242 2209 307 2280 cis
326 2211 384 2273 soii
402 2207 461 2274 νεώ
482 2208 558 2273 εἴσω
577 2211 637 2273 τοῦ
648 2209 895 2291 Λόγοσστεάνος
917 2209 1137 2289 κατέκλεισαν,
1158 2210 1194 2272 ἐκ
1213 2211 1274 2273 τῶν
1293 2210 1354 2290 ἀμ-

271 2305 382 2392 φόδων
401 2301 691 2390 ἀποκρουσάμενοι·
733 2305 850 2372 τοότων
873 2308 909 2372 δὲ
920 2305 1169 2390 συνειληθέντων
1185 2307 1279 2386 όντός,
1300 2307 1356 2372 καί

270 2401 302 2470 οἱ
321 2411 392 2479 ταῖς
412 2405 524 2484 άψῖσιν
542 2408 600 2469 τοῦ
614 2407 738 2470 Mation
759 2407 936 2490 όφεοταῖτες
955 2406 1011 2469 κατ’
1029 2405 1059 2470 οἱ
1079 2407 1114 2471 ἐκ
1134 2407 1194 2470 roi
1214 2401 1274 2471 νεά
1295 2409 1403 2474 τοῦτο

265 2502 412 2581 Ἀλεξιόο
434 2499 610 2585 μαχόμενοι
627 2501 708 2588 πρός
726 2503 846 2589 τροπὴν
857 2503 1007 2586 ἔβλεψαν.
1050 2506 1107 2569 καί
1123 2504 1167 2580 τός
1185 2504 1353 2587 ἐπελάβον-

269 2623 308 2666 το
325 2601 390 2665 sois
409 2597 523 2684 χάραν
539 2595 677 2682 τοάτοον,
698 2598 715 2666 ό
734 2602 793 2666 soei
812 2605 968 2683 βασιλέως
987 2600 1123 2688 στρατός
1141 2600 1198 2678 τάς
1217 2606 1277 2684 μὲν
1296 2625 1353 2685 ση-

266 2701 367 2784 μαίας
385 2689 448 2763 τῶν
476 2693 603 2782 ἀψίδων
622 2693 745 2765 ἀνωθεν
774 2685 916 2785 ἔστησαν
927 2701 965 2766 αἲ
981 2698 1059 2776 soris
1078 2705 1220 2782 βασιλεῖς
1237 2705 1352 2768 εἰκονί-

268 2803 394 2882 ζοσσιν,
415 2798 449 2864 αἱ
468 2799 504 2863 δὲ
523 2795 622 2864 πάλαι
642 2802 702 2864 τοῦ
714 2801 958 2882 Αάγοοστεάνος
977 2801 1223 2866 &susurrasset
1240 2805 1299 2880 λαξ
1336 2839 1352 2853 -

342 2981 364 3021 t.
380 2964 577 3042 διειληφότων]
593 2965 827 3036 διαλαβόντιινδ.
895 2969 919 3020 3.
936 2966 1055 3042 ἔφοδον]
1075 2967 1205 3039 πάροάον
1225 2973 1255 3022 Α.
1312 2987 1350 3022 ιο.

336 3039 528 3107 σταδηράςλ.
598 3053 640 3091 ao.
660 3039 689 3091 οἱ
705 3040 736 3093 ἐν
755 3042 787 3109 τῇ
805 3038 890 3106 ἁψῖδι
904 3043 935 3091 Δ.
1014 3055 1056 3090 aa.
1071 3043 1187 3110 χωρίων
1206 3041 1237 3092 ll.
1308 3049 1351 3112 at.

338 3109 372 3166 ἐκ
387 3110 499 3171 uelites
515 3125 541 3162 τι.
559 3109 593 3182 λ]
609 3105 682 3180 μετά
700 3107 857 3180 ἀξιναρῖαν
878 3113 928 3162 καλ
947 3113 1059 3175 σηοτοῑν
1076 3111 1103 3161 B.

270 3261 360 3327 rico‘s,
379 3279 472 3316 omnes
489 3262 617 3333 angulos,
635 3279 728 3315 omnes
746 3264 920 3333 angiportus,
938 3280 992 3333 qua
1011 3263 1046 3314 ad
1065 3264 1195 3332 templum
1212 3265 1286 3328 itur,
1305 3283 1352 3317 oc-

270 3343 409 3404 cuparent,
420 3334 518 3404 populi
532 3334 567 3385 asl
579 3333 759 3386 Caesarium
770 3351 915 3385 concursus
926 3351 1093 3403 compressus
1109 3343 1158 3386 est.
1176 3335 1352 3388 Caesarianos

270 3419 380 3472 quoque
393 3407 493 3456 milites
505 3405 600 3456 relicto
610 3406 712 3475 templo
726 3412 755 3456 et
763 3406 943 3472 Augusteonis
953 3405 1089 3456 vestibulo
1100 3423 1161 3456 curu
1171 3407 1352 3474 imperatoriis

270 3475 435 3534 exercitibus
447 3476 477 3526 in
487 3475 552 3528 vicis
564 3491 728 3544 congressos,
740 3492 842 3544 paucos
856 3492 917 3527 curn
928 3476 1031 3539 multis,
1048 3477 1156 3543 fatigari
1175 3484 1204 3527 et
1219 3477 1351 3545 paulatim

270 3543 458 3594 remollescere
473 3545 629 3614 apparebat.
644 3547 683 3599 ita
695 3547 839 3598 manifeste
854 3545 889 3596 ad
907 3563 1003 3598 manus
1014 3555 1124 3597 ventum
1142 3553 1198 3609 est,
1216 3554 1245 3598 et
1261 3565 1351 3616 pugna

269 3628 365 3680 magna
377 3615 404 3665 vi
416 3615 566 3680 commissa,
580 3617 685 3669 eminus
697 3617 802 3686 sagittis
812 3623 841 3668 et
853 3617 1002 3668 comminus
1021 3634 1111 3668 manu.
1125 3617 1239 3686 gemitus
1252 3617 1353 3669 caden-

269 3683 338 3735 tium
363 3691 392 3734 et
419 3683 621 3739 cohortationes
645 3687 828 3740 occidentium
850 3688 980 3757 utrinque
1004 3686 1167 3751 erudiuntur,
1190 3689 1303 3756 ancipiti
1324 3689 1353 3740 in

270 3753 359 3823 ipsum
370 3769 456 3822 usque
467 3755 607 3808 meridiem
616 3757 738 3810 victoria.
749 3756 794 3809 dic
803 3773 867 3810 vero
878 3759 932 3810 iam
942 3757 1092 3809 inclinante
1102 3759 1268 3828 imperatorii
1279 3758 1354 3810 baud

271 3822 386 3875 obscure
403 3825 555 3892 superiores
575 3837 735 3892 evaseruut,
766 3827 934 3880 Caesarianis
955 3845 989 3879 ex
1006 3828 1087 3880 biviis
1105 3829 1134 3880 in
1152 3831 1353 3896 Augusteouem

271 3893 425 3962 compulsis.
454 3893 553 3947 deinde
579 3896 661 3949 etiarn
679 3899 700 3950 ii
729 3900 778 3968 qui
799 3899 829 3949 in
846 3899 950 3951 fornice
969 3900 1042 3952 Milii
1060 3899 1169 3951 stabant
1188 3908 1266 3951 etex
1284 3899 1353 3951 aede

271 3964 361 4015 Alexii
377 3963 550 4033 pugnabant,
570 3967 660 4036 iugem
679 3977 843 4038 spectarunt
870 3969 970 4040 quibus
992 3969 1060 4022 locis
1081 3971 1219 4039 occupatis
1237 3970 1353 4038 impera-

272 4034 358 4086 torius
373 4034 505 4086 exercitus
525 4037 624 4090 vexilla
643 4057 702 4091 cum
725 4039 887 4107 imaginibus
904 4042 934 4092 in
951 4038 1102 4092 fornicibus
1121 4041 1217 4103 erexit,
1235 4048 1263 4091 et
1281 4039 1353 4092 iores

271 4105 452 4172 Augusteonis
476 4105 616 4160 securibus
634 4117 663 4161 et
681 4110 789 4161 malleis
801 4111 931 4180 perrupit.
967 4109 1122 4162 Caesariani
1143 4128 1206 4164 vero
1217 4104 1291 4178 'quia
1310 4128 1354 4161 re-

273 4175 368 4227 sistere
386 4193 441 4228 uon
459 4184 599 4247 poterant,
630 4195 690 4230 cum
709 4187 788 4231 etex
808 4179 956 4232 fornicibus
976 4197 1093 4250 superne
1111 4189 1139 4231 et
1157 4181 1306 4232 comminus
1323 4182 1354 4232 in

265 4246 478 4326 ,augustenses
502 4247 584 4320 globo
600 4250 718 4304 militurn
735 4250 853 4321 pessime
878 4258 1073 4316 tractarentur,
1091 4251 1226 4324 paulatim
1246 4249 1355 4304 dilabe-
