3017 4892
311 325 366 386 οε
393 325 583 388 annom
612 323 807 390 cossanuo
840 315 912 390 ιἰο.
932 331 971 390 v.
1111 327 1193 413 209

108 473 165 558 τήν
185 475 284 538 ἐκεῖσε
304 475 361 535 τοῦ
376 474 639 560 Κοντοστεφιὶνου
661 468 788 560 ἄφιξιν,
815 476 1059 558 ῦιαναοτὴσοντα
1081 479 1116 542 di
1136 479 1193 540 mi·

108 581 212 636 ιιεῖνον
241 569 285 644 οῦς
313 567 361 652 εἴη
393 567 640 652 ἑτοιμασάμενος
670 569 711 636 τοὶ
743 570 825 656 πρὸς
854 571 913 656 τήν
934 570 1055 655 ἔξοδον,
1075 573 1192 655 ῦμαιῦ

108 663 340 750 α’ποκομιλιοντύ
363 666 394 733 οἱ
412 668 468 732 καί
488 668 528 733 τὰ
550 673 612 734 τοῦν
634 670 894 753 Ἱεροσολυμιτῶν
914 669 1032 736 ἱππέων
1051 671 1190 756 riparium,

106 763 180 834 ῦσοι
214 763 490 852 συνεκστρατεύειν
514 765 643 848 ἔμελλον
671 770 713 855 τῷ
742 766 817 852 ῥηγί
846 769 1107 858 συνεφαπτομένιρ
1135 773 1193 835 τοῦ

80 869 247 946 ὅπολέμου
267 864 323 928 κατ’
340 870 409 928 κατ’
430 863 617 946 Αἶγυπτέισν
646 871 802 954 τιθεμένῳ
822 865 877 950 τήν
897 869 1034 950 κίνησιν,
1052 873 1127 932 καθ*
1147 862 1286 936 ιῦνΡιιεὸ

105 961 123 1028 ῦ
155 960 263 1038 στόλος
294 962 311 1027 ri
338 961 513 1043 Ῥωμαϊκὸς
542 961 777 1048 σογκεκρότνγτο.
833 967 902 1044 μετ’
922 965 959 1028 οῦ
980 963 1058 1028 πολύ
1082 968 1118 1029 δὲ
1139 967 1194 1030 uni

104 1059 207 1137 αύτῦς
238 1059 254 1124 ὅ
284 1063 545 1147 Κοντοστέφανος
576 1061 691 1138 ἔξεισιν
716 1055 785 1147 (ἦγε
807 1065 842 1126 tl
862 1058 930 1126 τότε
952 1062 1067 1147 ὀγδόην
1084 1062 1149 1148 μὴν
1174 1063 1194 1128 o‘

102 1157 269 1246 Ἰούλιος),
297 1163 354 1224 καί
382 1159 421 1244 δι’]
451 1157 532 1244 πρὸς
551 1157 587 1223 τὸ
609 1165 792 1242 Μελέβοτον
814 1162 1001 1242 καταχθείς,
1028 1160 1085 1225 καὶ
1104 1159 1191 1244 παρὰ

103 1263 165 1325 τοῦ
189 1260 346 1341 βασιλέως
378 1259 478 1322 ἐκεῖσε
501 1252 674 1343 ἀφιγμένου
700 1262 819 1322 θεατοῦ
838 1263 895 1322 τοῦ
916 1255 1030 1322 στόλου
1051 1258 1091 1324 τύ
1113 1257 1193 1346 πρῦς

65 1357 137 1424 roris
160 1355 252 1441 ἔργον
273 1357 467 1442 ῦφηγηθεές,
491 1355 569 1437 μετὰ
592 1353 651 1420 δύο
679 1357 801 1442 ἡμέρας
827 1357 1004 1441 α’νσίγεται,
1025 1361 1080 1421 καί
1098 1362 1193 1427 κατιέ-

102 1481 195 1540 γεται
216 1457 261 1530 εἰς
282 1458 321 1519 τὰ
346 1459 467 1537 Κοῖλα,
487 1457 587 1519 ταῦτα
610 1454 647 1539 δή
672 1453 712 1518 τύ
731 1454 807 1539 περὶ
826 1454 947 1538 Σηστόν
966 1479 1000 1519 τε
1022 1456 1077 1520 ani
1091 1449 1193 1538 ’Ἀβυ-

104 1560 179 1637 ῦον,
211 1556 267 1617 καί
291 1556 432 1637 ἐντίθησι
453 1561 524 1627 ταῖς
553 1552 695 1637 τριήρεσι
715 1550 751 1617 τῦ
775 1555 810 1617 εἰι
828 1553 1011 1634 Ῥωμαϊκῶν
1032 1556 1088 1618 καὶ
1104 1557 1193 1619 ἐθνι-

103 1658 169 1718 κῶν
189 1655 267 1717 ι’λῶν
288 1653 462 1736 ἀποκριθὲν
482 1649 539 1715 καί
554 1653 735 1736 παραδοθέν
758 1651 788 1714 οἳ
806 1649 998 1737 στράτευμα.
1033 1649 1067 1717 τῦ
1091 1655 1121 1716 ‹I’
1141 1655 1192 1718 ἐν·

101 1753 235 1831 τεῦθεν,
258 1746 301 1826 οῦς
330 1743 370 1832 ἦν
389 1745 424 1813 τῦ
441 1751 563 1830 πνεῦμα
592 1747 692 1834 φορὸν
710 1753 767 1812 κατ’
788 1743 920 1832 οῦριον,
943 1749 982 1815 τοῦ
1005 1747 1191 1834 πρυμνήσια

62 1849 205 1924 ι5λύσας
225 1852 279 1912 καλ
298 1845 339 1912 τύ
360 1845 445 1912 ι’στέα
465 1850 660 1923 διαπετάσας
679 1845 737 1932 τήν
758 1851 791 1923 ές
812 1847 946 1932 Κύπρον
965 1853 1190 1934 παρανελέγετο

99 1951 264 2016 κέλευθον.
305 1946 386 2011 κατὰ
408 1949 444 2011 δέ
461 1944 516 2010 τόν
537 1949 636 2008 πλοῦν
657 1950 768 2010 τοῦτον
791 1949 825 2024 *ἐξ
845 1942 999 2029 έγκύρσας
1019 1945 1131 2010 ναυσίν
1152 1942 1219 2019 siclt

99 2047 118 2110 ῦ
141 2048 198 2128 τῆς
225 2041 389 2128 Αἰγύπτου
418 2046 538 2128 α’μιροῖς
566 2040 742 2126 ἐπεπόμφει
764 2045 843 2128 πρὸς
861 2040 1113 2124 κατασκύπησιν,
1135 2039 1192 2117 τοίς

97 2148 163 2227 μὲν
178 2139 235 2208 δύο
256 2139 423 2224 συλλαβοῦν
443 2138 549 2225 εἶχεν.
593 2138 628 2204 ai
650 2141 678 2202 δ’
692 2131 804 2221 ῦλλαι,
821 2136 856 2202 αἱ
872 2140 929 2201 καὶ
946 2139 991 2223 μή
1014 2137 1191 2223 α’γχαύμαλα

99 2242 162 2309 τόν
182 2245 282 2307 πλοῦν
301 2244 458 2321 έτέθεντο,
485 2239 744 2323 κατατοχήσασαι
765 2235 1058 2321 ῦιαῦιιλρύσκοοσιν.

55 2367 91 2408 το
189 2343 221 2408 5.
264 2343 490 2426 Προσωκεέλας
509 2341 545 2403 di
563 2344 600 2425 τῇ
622 2338 744 2424 Κύπριρ
764 2333 820 2420 τήν
845 2329 954 2420 ἄφιξιν
974 2336 1074 2402 αὐτοῦ
1096 2341 1190 2422 παρέ·

98 2467 196 2527 ornos
224 2443 270 2528 τῷ
302 2437 391 2526 ρἠγέ,
426 2441 480 2501 καί
513 2437 707 2501 πυνθάνεται
737 2433 817 2518 πρὸς
844 2430 904 2523 ῦτρι
937 2431 1005 2518 ἔχει
1032 2433 1088 2500 τὸν
1115 2421 1275 2504 votivas

98 2546 236 2620 ἐκεῖνος,
258 2537 314 2602 κατ’
340 2538 371 2600 εἰ
390 2543 562 2620 προσμενεῖ
577 2529 676 2598 αύτῦν
694 2533 741 2607 εἷς
751 2528 886 2614 Κύπρον
908 2526 929 2618 ’I
948 2531 1005 2616 τὴν
1026 2535 1080 2598 ἐπέ
1095 2533 1192 2619 Ἱερο-

99 2639 253 2721 σολύμων
274 2638 432 2718 βαδιεῖται
461 2624 560 2707 οὗτος.
584 2632 601 2695 ῦ
623 2634 659 2715 di
686 2631 746 2717 ῥὴξ
765 2629 845 2696 κατὰ
868 2627 923 2695 τὸν
946 2633 1142 2714 Ἐπιμηθέα,
1165 2623 1192 2720 ᾧ

99 2737 221 2821 τὸμὲν
242 2741 349 2819 μέλειν
380 2735 437 2798 ουἰι
472 2728 558 2798 εἶναι’
576 2755 657 2817 φασι
687 2728 722 2794 τὸ
744 2731 780 2794 δέ
802 2729 1009 2810 μεταμέλειν,
1031 2731 1086 2791 καί
1103 2727 1190 2810 μάλα

172 2903 199 2952 tl.
219 2893 278 2968 aral]
298 2886 470 3015 ιλνῦρύνιιιος
487 2893 535 2943 sol
554 2891 583 2940 A.
647 2905 684 2958 ιγ.
703 2885 860 2944 οοιιλτιένος
876 2886 913 2948 Β,
930 2883 1042 2958 ἄμηριές
1063 2886 1092 2936 Α.
1151 2889 1190 2940 τῦ.

173 2971 223 3022 ml
241 2964 293 3038 μὴ]
312 2963 348 3018 od
365 2965 379 3017 t
396 2965 426 3016 Α.
499 2978 537 3032 ¹9·
553 2957 692 3032 ἐτίθεντο]
711 2959 881 3022 ἐπεποίηντο
901 2957 931 3006 Δ.
1018 2969 1061 3006 aa.
1079 2955 1190 3012 taretros

174 3055 220 3090 om
237 3041 268 3090 Δ.

103 3177 195 3230 regem
213 3156 383 3228 praemittit,
402 3154 451 3222 qui
471 3152 604 3221 reIIquam
628 3149 739 3200 classem
766 3153 795 3198 et
811 3141 1063 3214 Contoeteplranum
1080 3140 1189 3194 iamiam

102 3231 200 3284 adfore
212 3226 429 3298 praenuntiaret,
448 3231 530 3292 atque
549 3237 610 3272 eum
622 3221 778 3271 hortaretur
794 3226 826 3268 ut
837 3218 895 3286 ipse
917 3211 1118 3283 expeditionem
1132 3229 1189 3262 ma-

102 3309 225 3364 turaret,
245 3297 326 3349 simul
352 3296 435 3346 etiam
455 3290 708 3358 hierosolymitanis
733 3287 893 3357 equitibus,
913 3285 961 3354 qui
982 3299 1071 3348 regem
1089 3281 1117 3330 in
1136 3283 1190 3331 llo-

103 3382 215 3442 gyptum
233 3367 352 3421 secuturi
369 3371 477 3426 essent,
493 3361 629 3432 stipendia
649 3363 763 3410 afferret.
789 3375 844 3408 non
858 3353 944 3406 multo
963 3358 1038 3470 post,
1059 3349 1123 3400 VIII
1143 3349 1189 3402 die

102 3441 205 3494 mensis
221 3439 303 3502 Iulii,
324 3433 559 3502 Contostephanus
579 3431 616 3482 ad
633 3429 794 3482 Illelibotum
814 3423 930 3495 appulit,
948 3438 965 3470 u
988 3420 998 3470 i
1017 3418 1050 3471 ab
1069 3419 1188 3489 impera·

102 3522 180 3575 tore,
198 3512 247 3581 qui
275 3509 367 3561 elassis
389 3503 551 3574 spectandae
578 3501 664 3570 gratia
684 3498 797 3560 aderat,
818 3509 888 3564 quae
913 3491 943 3542 in
960 3507 1017 3542 rem
1034 3491 1092 3540 fore
1110 3491 1190 3542 vide·

102 3593 197 3638 rentur
217 3579 338 3640 edoctus,
356 3575 440 3630 biduo
458 3581 521 3645 post
535 3573 626 3635 Coela,
645 3585 716 3640 quae
729 3567 798 3619 cIrca
813 3565 919 3616 Sestum
938 3567 965 3612 el
974 3559 1098 3628 Abydum
1115 3569 1187 3626 sunt,
1208 3561 1211 3570 ‘

102 3653 247 3724 pervenit,
266 3659 294 3702 et
311 3653 442 3702 Romanas
460 3643 660 3711 auxiliaresque
678 3639 770 3709 copias
790 3635 844 3688 ribi
864 3633 1010 3702 assignatae
1030 3631 1187 3684 triremibus

102 3725 229 3795 imponit„
256 3721 321 3773 inde
338 3720 403 3772 dum
430 3712 555 3767 secundis
580 3712 669 3764 ventis
691 3709 808 3776 Cyprum
832 3719 923 3756 versus
949 3703 1071 3770 navigat,
1090 3701 1119 3752 in
1139 3718 1187 3754 sex

103 3793 297 3864 speculatrices
313 3807 394 3842 naves
413 3787 446 3838 ab
464 3784 578 3854 Aegypti
591 3785 688 3833 Amera
706 3779 801 3830 missas
820 3773 931 3839 incidit,
949 3790 1062 3843 quarum
1079 3771 1185 3823 duabus

103 3865 208 3936 captis,
228 3871 346 3932 quatuor
363 3859 486 3928 reliquae
503 3855 608 3906 eminus
629 3850 778 3902 accelerato
799 3861 877 3896 eursu
898 3851 1050 3896 eraserunt.

172 3939 198 3988 ⁵.
234 3932 277 3984 Ad
294 3933 411 4001 Cyprum
429 3926 559 3997 appulsus
580 3923 636 3990 regi
655 3937 733 3972 suum
753 3915 898 3968 adventum
915 3915 1040 3977 nuntiat,
1055 3911 1187 3980 illiusque

102 4004 268 4059 sententiam
287 4001 420 4072 exquirit,
438 4007 530 4049 utrum
548 3996 606 4063 lpse
627 3993 657 4042 in
675 3991 791 4059 Cyprum
818 3986 910 4037 venire
931 4001 966 4036 an
983 4001 1013 4036 ee
1029 3981 1187 4048 Hierosoly·

100 4095 146 4130 me
161 4078 202 4128 ire
222 4071 320 4125 malit?
346 4077 374 4122 at
394 4087 441 4121 rex
459 4064 610 4136 Epimethei
634 4077 720 4123 more,
738 4075 819 4128 quem
839 4063 900 4126 post
916 4055 1017 4106 sactum
1034 4049 1186 4104 deliberare

102 4149 198 4209 aiunt,
212 4162 274 4194 cum
291 4143 374 4211 plane
385 4139 567 4209 poenituisset
577 4132 652 4202 quod
670 4147 698 4182 se
717 4127 873 4197 imperatori
893 4142 972 4194 opem
990 4125 1107 4176 laturum
1123 4137 1187 4187 pro·

99 4219 221 4271 misisset
232 4222 315 4282 atque
332 4211 391 4262 eius
403 4206 593 4277 Aegyptiarum
610 4202 812 4274 expeditionem
833 4195 1023 4268 approbasset,
1042 4203 1186 4260 magnope-

92 4331 96 4339 '
160 4297 276 4374 uicem
293 4313 452 4370 clessam.
655 4354 661 4363 ,
931 4279 933 4286 “
966 4295 997 4363 rt
