3017 4892
352 307 523 372 litamus
559 309 761 375 unuunus
790 309 969 378 couurm
998 320 1033 379 r.
1152 293 1235 406 3¹7

151 468 255 548 ptrue
270 460 444 546 ηότόχησε,
466 457 522 522 κοιί
537 459 735 538 μμωπισθεός
758 456 806 536 οἷς
819 469 893 548 παρ’
915 467 1011 550 αότῆς
1031 461 1155 551 ἠκηκόει
1175 475 1238 534 θο-

149 562 269 650 μηρεσι
294 557 435 644 ῥήμασιν
468 556 511 632 οός
543 559 637 634 ῗππος
657 561 857 645 στοιόιεοτής,
873 562 912 628 τό
935 568 994 645 μὲν
1013 569 1073 635 τάν
1096 573 1237 654 Παφλα-

150 661 250 746 γόνων
282 657 432 742 μεθίησιν
457 650 551 740 όρια,
584 660 630 734 εἰς
657 661 693 723 δὲ
719 658 778 743 τήν
807 663 886 726 κατά
909 665 1036 730 Πόντον
1047 663 1236 749 Ἡράκλειαν

152 761 379 843 παραγίνεται,
411 757 555 821 aaaron
575 761 765 843 προσωτέρω
780 769 896 844 χωρεῖ,
917 765 954 848 τῇ
972 764 1159 853 πολυτρόπῳ
1178 789 1235 846 με-

121 857 263 948 5θοόεόη
284 860 344 926 καὶ
360 858 405 942 τῷ
423 859 480 919 τοῦ
500 847 599 941 ἤθους
628 853 865 949 όποκαθειμένρι
885 866 941 926 καί
959 865 1002 950 τῷ
1020 870 1234 954 σεσοφισμὲτκρ

150 959 333 1048 φρονήματι
355 957 506 1036 ἔξομιλόν
540 953 614 1032 τούς
635 957 669 1020 ἐν
688 956 764 1022 ποσά
793 958 911 1037 πάντας
932 961 988 1026 κατ’
1004 963 1236 1047 οἰκειούμενος,

151 1063 224 1126 ἐπεὶ
245 1057 302 1123 κατ’
320 1061 366 1131 τίς
387 1058 422 1120 ἐκ
440 1057 555 1139 πέτροις
575 1055 751 1138 α’γελάστου
766 1052 865 1135 υότως
888 1053 928 1144 ἦν
948 1059 1067 1148 προϊών
1086 1057 1107 1153 ἢ
1128 1066 1266 1145 modic

150 1184 193 1224 ον
212 1158 348 1243 σιόηρὲηι
367 1157 556 1238 χαλκευθείς
587 1148 719 1238 ἄκμονι,
739 1154 784 1232 τός
804 1149 950 1241 ἄτεγκτος
980 1153 1062 1224 εἶναι
1082 1169 1148 1236 τοῖς
1164 1160 1236 1228 Ἀν-

150 1260 297 1342 όρονάιου
322 1253 582 1339 θακρυρροὴμοσι
603 1253 659 1318 καί
679 1259 719 1343 τῇ
740 1255 873 1346 αἱμυλόηι
895 1255 1235 1344 τάνρῖημάτωνόπωσ-

104 1360 207 1428 reoda
230 1356 432 1439 άγοήτεοτος,
463 1345 542 1437 άπερ
571 1353 649 1418 κατά
670 1350 784 1439 κρήνην
801 1355 999 1442 μελάνυδρον
1020 1356 1091 1443 ἔχεο
1115 1362 1170 1426 κατ’
1188 1353 1236 1436 οἷς

150 1454 317 1540 α’πατηλάς
339 1475 372 1517 τε
404 1447 472 1533 ἅμα
492 1451 547 1516 καὶ
574 1454 713 1538 ε’φολκαῖς
739 1453 977 1539 ἐστοομόλλετο,
1002 1456 1057 1524 τόν
1074 1458 1155 1544 όιτὲρ
1176 1461 1235 1523 τοῦ

150 1556 251 1620 καλοῦ
279 1555 374 1636 ζῆλον
401 1555 568 1636 προφέρων
597 1551 653 1617 κατ’
671 1551 728 1637 την
754 1557 813 1618 τοῦ
842 1557 1028 1639 κρατοῦντος
1047 1560 1235 1641 ἐλευθερίαν

149 1651 410 1736 όποκρινόμενοςς
440 1649 508 1716 ἀλλ’
529 1653 596 1715 ουίλ
618 1647 634 1713 ό
665 1652 920 1735 πρωτοσεβαυτός
940 1657 996 1722 ε’πί
1014 1654 1136 1734 τούτοις
1155 1658 1234 1739 η’μὲ.
1296 1639 1303 1652 ’

150 1758 199 1816 λει
218 1747 439 1830 παντάπασιν,
458 1750 559 1814 καίτοι
579 1742 753 1836 γόνανόρος
773 1743 837 1832 τόν,
857 1755 914 1819 και*
930 1753 975 1837 μη
995 1752 1093 1836 μόνον
1113 1757 1168 1838 την
1189 1758 1272 1825 sav.
1286 1772 1334 1826 ιλο

105 1855 196 1926 ιόείς
214 1849 250 1916 τό
275 1846 421 1933 νηνερτον
450 1847 621 1913 όπνεόττειν
642 1854 878 1915 καταναλίσκων
897 1853 979 1918 α’λλά
999 1853 1055 1918 καὶ
1071 1854 1152 1918 πολό
1178 1857 1235 1937 τῆς
1292 1877 1296 1882 ·

149 1949 270 2036 ἡμέρας
290 1945 371 2032 πρός
390 1948 483 2012 τοῦτο
513 1947 712 2027 ἕκόαπανοόν,
735 1946 791 2013 κατ’
809 1950 862 2012 ἵνα
877 1949 923 2032 μὴ
941 1953 977 2016 τό
997 1950 1236 2018 άσπαοιάτοιτον

147 2054 216 2124 τοῖς
235 2041 344 2124 ἄλλοις
365 2045 457 2130 ἡλίου
477 2047 639 2130 βλέφαρον
656 2039 714 2121 τάς
735 2049 854 2111 ἐκείνου
875 2045 971 2131 κόρας
989 2047 1143 2138 όπανοόνη
1167 2053 1236 2133 ότα-

148 2145 303 2236 φοντιζον,
326 2139 591 2228 παραπετάσμασι
612 2147 856 2230 στεγανωτέροις
869 2148 1011 2233 ε’κζοφοῖν
1024 2146 1057 2211 τό
1079 2146 1235 2228 δωμάτιον

148 2235 230 2335 largi
256 2244 425 2324 ἐκάθευδε,
455 2245 510 2308 καί
532 2245 604 2306 καθ’
632 2240 739 2327 ἕτερόν
761 2269 792 2308 τι
814 2244 1040 2328 σημαινόμενον
1053 2246 1264 2333 άποκρυβηνῐι

99 2341 267 2418 ,aleatori
296 2341 332 2408 τό
361 2341 470 2418 σκότος
489 2345 660 2424 τιθέμενοςι
711 2345 797 2408 εἰδὲ
818 2346 1233 2430 όεῖάληθκὲστερονείπεῖν,

147 2441 186 2509 τό
209 2445 268 2525 μὲν
287 2439 394 2516 νυκτός
415 2438 492 2524 ἔργα
511 2445 642 2528 τρυφάν
668 2445 753 2528 φτοτιι
772 2447 890 2530 ποιητῷ
908 2443 944 2508 τό
965 2442 1109 2528 νόκτερον
1129 2447 1233 2510 tettae

148 2540 306 2628 ζόφωμα,
328 2540 419 2624 ἦλιόυ
443 2543 478 2605 de
500 2541 554 2606 τόν
576 2538 653 2627 legor
680 2540 829 2627 όρόζυντα
851 2543 1071 2624 άνυβαινοντος
1090 2543 1169 2608 κατά
1191 2544 1232 2609 τά

148 2643 249 2727 θηρία
268 2639 322 2705 τόν
342 2647 443 2704 κοῖτον
459 2640 663 2720 μεταόιιόκων
684 2641 800 2724 τάπησι
818 2642 873 2706 κατ’
884 2646 1011 2718 πέπλοις
1031 2642 1066 2708 τό
1089 2645 1159 2728 φῶς
1177 2643 1234 2706 άν-

148 2743 312 2828 τέῳραττε.
352 2737 532 2804 τοίνυνκαὶ
552 2739 683 2824 σμὴχων
705 2738 780 2817 τυός
797 2745 996 2825 σαπριάντας
1019 2746 1080 2806 τῶν
1099 2740 1233 2809 όόόντων

216 2913 242 2966 3.
262 2899 616 2980 τόνποντοηρόκλειανΒ.
706 2909 731 2961 6.
752 2907 897 2978 ἐξομαλαλν
915 2911 944 2960 ll.
1016 2926 1040 2979 η.
1061 2911 1109 2960 καλ
1128 2926 1172 2978 erp
1190 2911 1218 2959 λ.

147 3079 345 3150 degenerabat,
372 3080 435 3146 suga
462 3079 497 3130 ad
520 3096 580 3131 eum
613 3079 704 3149 elapsa
726 3088 753 3132 et
771 3081 871 3133 diserte
889 3096 995 3130 omnem
1017 3079 1113 3148 palatii
1130 3088 1231 3133 statum

147 3153 300 3214 referente,
320 3151 449 3204 suavibus
468 3151 543 3202 illius
562 3151 651 3202 verbis
671 3161 701 3203 ut
721 3167 808 3220 equus
825 3167 916 3202 cursor
933 3147 1048 3220 flagellis
1067 3153 1231 3216 concitatus,

145 3221 348 3294 Paphlagonum
367 3221 468 3272 linibus
486 3221 588 3272 relictis
606 3223 683 3273 Ponti
708 3221 864 3272 lleraeleam
883 3221 1070 3291 proficiscitur.
1088 3229 1170 3289 atque
1189 3221 1231 3272 in-

146 3288 185 3346 de
197 3293 309 3376 Qngius
327 3309 482 3360 progressus
500 3292 645 3360 multiplici
664 3293 829 3352 calliditate,
848 3293 963 3343 obscuro
977 3291 1086 3356 ingenio
1103 3300 1131 3341 et
1148 3293 1232 3343 simu-

146 3358 223 3414 landa
242 3381 275 3414 ac
301 3361 491 3413 dissimulandi
508 3363 621 3413 artificio
647 3363 741 3412 obvios
759 3379 882 3433 (luesque
904 3361 1074 3430 praeparavit
1095 3369 1123 3412 et
1141 3364 1231 3413 conei-

144 3435 231 3488 liavit.
249 3449 311 3484 nam
330 3433 391 3502 quis
417 3449 450 3484 ea
476 3431 544 3482 dura
565 3431 633 3482 adeo
653 3449 717 3500 rupe
738 3440 817 3483 natus
845 3440 917 3482 esset
938 3439 966 3481 et
987 3431 1068 3480 corde
1086 3431 1155 3482 adeo
1177 3431 1231 3484 fer-

145 3519 194 3556 reo
218 3503 375 3572 praeditus,
404 3511 435 3555 ut
456 3501 606 3554 Andronici
626 3501 744 3553 lacrimis
771 3511 799 3553 et
814 3501 958 3553 verborum
975 3502 1126 3570 praestigiis
1147 3510 1230 3574 atque

145 3573 301 3635 illecebris,
320 3589 391 3642 quae
412 3573 495 3624 fontis
514 3573 599 3624 instar
620 3571 824 3635 exuberabant,
839 3589 895 3623 uon
916 3573 1090 3624 annueretur?
1109 3573 1231 3628 iactabat

145 3645 220 3696 enirn
239 3644 347 3695 bonesti
367 3643 496 3706 studium,
514 3651 542 3694 et
559 3643 728 3713 imperatoris
748 3643 902 3694 libertatem
924 3660 1002 3693 curae
1017 3641 1069 3693 sibi
1088 3660 1146 3716 esse
1166 3661 1230 3714 pro-

144 3715 282 3766 fitebatur.
304 3723 440 3765 caeterum
458 3731 508 3764 nec
526 3714 729 3782 proterebastus
748 3715 800 3764 ista
813 3713 982 3780 negligebat,
1005 3729 1160 3784 quanquam
1178 3716 1229 3766 lm-

143 3801 188 3837 τοο
210 3785 398 3846 effeminatus,
418 3785 465 3853 qui
485 3801 540 3834 nou
561 3802 684 3835 auroram
699 3792 804 3835 tantum
822 3783 961 3834 stertendo
976 3785 1161 3849 consumebat,
1180 3786 1229 3837 sed

142 3873 267 3924 tanguam
295 3854 351 3905 ‹liei
379 3871 491 3924 quoque
517 3864 621 3924 partem
649 3873 742 3906 souma
769 3855 918 3918 tribuebat;
947 3863 975 3906 et
992 3871 1025 3904 ne
1050 3855 1130 3906 iubar
1147 3856 1227 3918 solis,

141 3927 205 3978 aliis
227 3925 426 3994 optatissimum
437 3964 445 3988 ,
464 3923 547 3976 radiis
566 3927 657 3976 oculos
678 3925 703 3976 ei
723 3925 854 3993 aperiret,
872 3926 939 3976 velis
959 3925 1131 3976 densioribus
1151 3925 1228 3976 cubi-

142 3998 234 4048 culum
257 3995 438 4059 obscurabat,
469 4011 538 4064 quae
562 4013 603 4047 res
633 3991 665 4046 eb
695 4011 806 4064 quoque
830 3996 986 4065 pertinebat
1002 4003 1033 4048 ut
1058 3996 1228 4048 intenebris

142 4065 323 4120 delitesceret.
346 4063 420 4134 quod
438 4065 460 4116 ai
479 4067 567 4117 verius
587 4064 732 4134 (licendum
753 4075 809 4126 est,
827 4083 908 4134 opera
927 4068 1052 4118 nocturni
1064 4068 1143 4117 luxus
1161 4067 1229 4118 saci-

141 4135 193 4188 bus
212 4136 333 4191 accensis
352 4135 512 4204 peragebat,
533 4137 637 4188 laetitio
656 4135 760 4188 lumine
781 4136 906 4188 discussis
928 4136 1056 4188 tenebris.
1079 4137 1137 4187 sole
1163 4153 1227 4190 vero

143 4206 173 4260 in
190 4215 313 4262 nostrum
333 4203 560 4278 hemisphaerium
577 4205 754 4272 ascendente,
777 4225 852 4262 τουτο
872 4207 989 4260 serarum
1010 4206 1101 4259 cubile
1119 4214 1224 4278 petens,
