3017 4892
267 286 345 371 190
581 281 755 348 nicusus
783 281 1019 348 cuononis

259 429 428 518 δξνδερκης
448 424 488 505 ’σε
518 433 573 496 καί
600 431 794 515 πανδερκης,
827 428 881 495 καί
917 433 1034 515 μικροῦ
1061 433 1197 520 ποδηρες
1224 435 1260 500 τό
1291 427 1346 514 σός

260 530 399 614 ἔχουσα,
425 527 556 614 λήθεται
575 522 596 614 ἢ
627 530 684 594 οὔκ
704 521 843 612 &nostrl
864 531 967 594 τέλεον
987 535 1138 616 παρίησιν
1159 533 1346 622 όνεκδιλιητα

261 627 322 696 όσα
345 631 402 697 έπί
415 654 498 696 τισιν
516 631 654 707 α’ναιδοός
686 625 716 695 οῖ
748 631 813 694 τῶν
836 629 1021 694 έπαινετέανν
1038 627 1206 717 κατήγοροι
1226 634 1348 720 συρρά-

260 755 389 797 τιτουσιν
419 728 547 809 έκδικας
568 729 729 811 ου’μενοόν,
750 723 832 793 (illd
854 732 1062 816 παρυπέφηνε
1081 735 1136 798 καί
1150 728 1221 797 τότε
1242 733 1286 809 τός
1305 733 1346 800 τό

260 833 296 896 ἐν
326 832 421 918 μυχῷ
445 832 505 913 γῆς
535 831 629 916 διορᾷ
648 829 705 892 καί
728 825 768 892 τά
789 825 850 890 ὑπό
875 830 1014 909 γλῶτταν
1035 831 1215 910 ἐνατίζεται
1235 837 1373 899 τόνδε-5

261 930 428 1014 ρυζόμενα.
471 931 503 994 εί
516 929 576 1010 μὲν
596 919 653 992 οόν
672 929 729 992 καί
750 930 880 1009 βασιλεῖ
894 929 1061 1013 ἐνεμέσησε
1081 933 1136 1014 τῆς
1155 929 1199 1014 μὴ
1222 935 1346 997 ἐνδίκου

259 1027 393 1114 ταυτησί
412 1026 567 1112 πράξεως,
590 1028 630 1090 ου’
650 1031 710 1091 τοῦ
728 1025 883 1112 παρόντος
902 1030 1083 1111 καταλέγειν
1102 1035 1234 1115 καιροῦ·
1280 1029 1346 1096 ἔδει
1385 1062 1390 1082 ι

263 1131 299 1194 δὲ
316 1125 418 1213 σοφόν
438 1120 513 1193 όντα
540 1124 598 1191 τόν
618 1123 781 1209 Μανουῆλ
800 1128 874 1210 μηδ’
898 1127 1011 1210 α’μοιθῆ
1032 1151 1065 1192 τε
1085 1129 1141 1194 καί
1160 1125 1346 1217 α’ναλφάβη·

232 1240 316 1294 cros
337 1220 374 1292 οό
375 1253 398 1310 χ
415 1223 460 1302 άς
480 1223 699 1306 διαδεξόμενον
720 1227 837 1290 ἐκεῖνον
856 1228 912 1290 καί
929 1227 985 1309 τῆς
999 1226 1105 1312 ἀρχῆς
1123 1230 1346 1314 παραλόσουτα

261 1324 297 1392 τό
320 1332 356 1392 A
380 1322 660 1411 περιεργάζεσθαι,
690 1317 759 1387 ἄλλ’
780 1324 886 1412 ἐκείνῳ
918 1321 958 1390 τά
978 1327 1036 1390 τοῦ
1068 1322 1180 1410 άρχειν
1200 1327 1348 1394 ἀνάπτειν
1361 1351 1394 1391 ιο

260 1424 421 1507 πείσματα
453 1421 488 1501 δς
513 1419 601 1489 εἶναί
617 1446 697 1509 φησι
730 1420 766 1487 τό
787 1427 822 1490 A
843 1426 897 1488 καί
913 1419 948 1488 τό
969 1425 1016 1505 Ω,
1038 1427 1198 1490 τουτέστιν
1218 1425 1238 1510 ἦ
1260 1424 1346 1511 σ’ρχῆ

260 1526 317 1590 καί
336 1522 370 1589 τὸ
392 1529 495 1605 τέλος,
517 1523 560 1599 σός
579 1519 726 1607 Ἰωάννης
741 1517 759 1584 ό
776 1522 999 1606 εὐαγγελιστάς
1017 1525 1073 1589 καί
1092 1525 1240 1609 δευλόγος
1257 1528 1291 1590 έν
1310 1529 1348 1614 τῇ

260 1620 461 1706 α’ποκαλόψει
480 1620 623 1687 διδάσκει
634 1646 686 1703 με·
710 1621 750 1684 osi
763 1619 825 1706 γάρ
842 1619 943 1686 λείπει
958 1625 1001 1711 τῷ
1023 1625 1087 1709 θεῷ
1104 1627 1146 1688 A.
1189 1628 1237 1710 (γ)
1265 1623 1346 1700 Τοός

259 1721 461 1809 συκοφάντας
479 1725 588 1805 μέντοι
608 1725 761 1806 μετῆλθε,
783 1724 839 1786 καί
856 1713 940 1810 άλλῳ
961 1725 1020 1804 μὲν
1041 1716 1137 1805 ἄλλην
1161 1725 1250 1808 δίκην
1274 1725 1347 1788 έπέ-

259 1827 357 1907 θηκε,
378 1826 423 1908 τῷ
444 1824 474 1886 δ’
493 1819 620 1905 ’Λαριόν
632 1823 781 1905 ἐπέβρισε
800 1820 1037 1906 χαλεπώτερον,
1058 1832 1129 1900 ταῖς
1150 1825 1267 1897 οἰκείας
1287 1818 1394 1907 cip-15

257 1918 367 1985 πεδόσε
385 1924 659 2006 περισχοινίσασα.
700 1923 769 2001 μετ’
792 1915 830 1983 ου’
852 1918 953 1986 πολόν
972 1917 1034 2008 γάρ
1053 1945 1124 1986 τινα
1142 1919 1257 2006 χρόνον
1277 1916 1347 1985 άλί·

258 2043 366 2085 σκεται
384 2023 531 2104 μαγείαις
553 2023 788 2104 προσανέχειν,
800 2018 855 2083 καί
873 2017 1038 2104 προύκειτο
1055 2017 1195 2106 χελώνης
1213 2017 1348 2106 ἔκφορον

258 2124 408 2204 μίμημα,
442 2117 531 2185 ἔνδον
549 2121 656 2204 στέγον
687 2125 743 2204 τῆς
764 2121 880 2202 χέλυος
902 2121 1177 2206 ἀνθρωπόμορφον
1194 2117 1346 2203 εἴκασμα,
1417 2136 1421 2142 ’

225 2220 473 2301 Βπεπεδημένσν
504 2210 603 2303 άμφω
623 2220 667 2282 τά
689 2216 767 2283 πόδε
788 2223 842 2284 καί
861 2217 897 2283 τό
921 2223 1050 2300 στέρνον
1068 2221 1260 2303 ἐληλαμένον
1281 2213 1346 2306 ἥλῳ

258 2319 440 2402 διαμπερές.
486 2310 571 2381 ἑάλω
606 2320 642 2382 δὲ
675 2317 731 2381 καί
766 2320 877 2401 βίβλον
905 2317 1135 2399 Σολομάντειον
1166 2321 1392 2400 α’νελίττονν,υσ

256 2409 325 2499 ἥτις
343 2416 604 2502 α’ναπτυσσομένη
618 2440 651 2482 τε
671 2419 728 2481 καί
746 2419 935 2502 διερχομένη
958 2414 1036 2482 κατά
1059 2404 1212 2502 λεγεῶνας
1234 2421 1344 2484 συλλέ-

326 2571 353 2622 6.
371 2559 424 2622 οὖν
444 2567 528 2621 omri.
600 2585 624 2639 γ.
646 2569 821 2642 καταλέγειν]
839 2571 932 2638 λέγειν
949 2572 981 2623 A.
1040 2589 1078 2624 rr.
1097 2587 1140 2622 om
1159 2569 1181 2622 A
1198 2572 1345 2625 τουτέστιν

327 2627 433 2726 ηἰίρχῆ
454 2643 502 2691 καλ
519 2635 550 2693 τό
569 2643 665 2703 τέλος,
687 2648 716 2692 et
734 2656 797 2691 mox
818 2640 834 2693 ό
852 2629 1054 2711 εὐαγγελιστάς
1073 2645 1120 2694 καὶ
1140 2643 1294 2710 δεολόγος,
1315 2651 1344 2694 et

325 2708 363 2762 ου’
379 2726 435 2779 γαρ
456 2711 548 2762 λείπει
564 2716 603 2780 rpl
632 2715 692 2779 slepi
712 2713 747 2764 A.
841 2727 878 2780 ιγ.
900 2711 1064 2783 προέκειτο]
1090 2711 1344 2778 ἐπαρρησιόσδηη*

322 2780 427 2833 τούτου
446 2785 553 2852 μαγεία
569 2781 714 2834 ταόκαλον
731 2779 854 2850 χελώνης
871 2783 977 2850 ἔχουσα
995 2779 1075 2839 ἐντός
1091 2782 1162 2854 μετά
1181 2785 1269 2852 κηροῦ
1292 2785 1343 2836 δν-

322 2851 545 2923 δρωπόμορφον
567 2853 702 2923 πλάσμα,
730 2855 823 2924 μέσον
842 2857 894 2906 τοῦ
915 2853 1037 2917 στήθους
1055 2848 1127 2924 μετά
1149 2857 1277 2924 supplosi
1296 2869 1342 2906 κε-

323 2925 515 2995 καρφυμίνον
533 2923 563 2974 Β.

253 3078 282 3121 te
300 3069 392 3120 omnia
407 3066 555 3136 perspiciet
566 3075 595 3118 et
607 3067 765 3137 putentibus
778 3065 902 3137 praedita
916 3067 952 3119 sit
975 3068 1095 3132 nuribus,
1110 3066 1289 3130 obliviscitur,
1306 3083 1341 3120 sn

254 3156 310 3192 non
323 3137 478 3192 considerat
492 3146 540 3190 aut
559 3140 668 3207 penitus
693 3140 794 3190 inultas
806 3139 938 3208 praeterit
954 3139 1125 3208 impudentes
1146 3138 1294 3189 calumnias
1313 3149 1341 3190 et

254 3197 440 3263 sccusntio'nes
454 3208 588 3261 bonorum
601 3209 742 3262 virorum?
757 3226 812 3261 non
826 3210 937 3278 utique:
955 3211 1074 3262 sedtum
1090 3225 1200 3280 quoque
1219 3208 1341 3260 dcclurs-

252 3283 293 3333 vit
310 3299 342 3332 eo
359 3299 389 3333 se
404 3282 557 3351 perspicere
568 3295 641 3402 puae
660 3281 689 3332 in
702 3280 810 3332 telluris
828 3280 977 3332 recessibus
989 3290 1113 3349 aguntur,
1125 3287 1153 3331 ct
1162 3279 1276 3330 obscuro
1287 3280 1341 3331 lin-

241 3368 470 3420 ·guaemurmura
496 3367 565 3402 exau
586 3353 634 3403 ire.
650 3367 685 3401 an
700 3367 765 3402 vero
784 3351 942 3421 imperatori
963 3353 1044 3403 etiarn
1065 3351 1101 3402 ob
1123 3351 1248 3420 iniquum
1267 3351 1342 3402 istud

254 3423 360 3473 lacinus
378 3423 575 3484 summiserit,
601 3438 657 3473 non
676 3420 758 3473 buius
777 3423 907 3491 temporis
926 3430 967 3474 est
985 3421 1083 3473 dicere.
1105 3422 1251 3490 oportebat
1268 3431 1341 3473 certe

254 3491 367 3562 quidem
384 3492 477 3556 illum,
497 3501 530 3544 ut
546 3493 635 3545 virum
647 3491 808 3562 prodentem
827 3501 856 3544 et
871 3509 926 3544 non
946 3493 1103 3556 indoctum,
1122 3509 1177 3542 non
1195 3499 1340 3561 propterea

255 3562 330 3632 quod
346 3561 435 3612 Alexii
465 3579 564 3615 nomen
589 3581 605 3614 a
636 3563 716 3615 litera
742 3564 766 3616 A
788 3565 939 3632 inciperet,
966 3581 1027 3615 eum
1056 3573 1087 3614 ut
1105 3561 1292 3614 insidiatorem
1312 3571 1341 3624 et

255 3648 437 3685 successorem
454 3641 609 3702 suspectum
625 3635 746 3697 babere,
768 3635 816 3685 sed
829 3634 935 3704 imperii
946 3631 1065 3686 hsbcnss
1085 3634 1109 3684 ei
1127 3632 1255 3684 mandore
1265 3671 1273 3697 ,
1290 3635 1340 3704 qui

255 3719 285 3756 ss
303 3701 333 3754 in
349 3702 510 3771 Apocalypsi
529 3703 658 3757 Iohannis
675 3706 866 3773 Eirangelistse
886 3713 915 3757 et
931 3705 1065 3774 Theologi
1085 3707 1107 3756 Λ
1129 3712 1156 3755 ct
1171 3706 1213 3765 Ω,
1230 3703 1281 3756 hoc
1298 3711 1341 3756 est

255 3773 419 3844 principium
438 3779 467 3823 et
485 3773 581 3838 finem,
604 3792 664 3828 esse
681 3776 766 3839 dicit,
797 3777 840 3828 cui
858 3777 955 3846 utique
973 3775 1049 3828 aliud
1069 3775 1089 3826 ll
1107 3791 1163 3826 non
1183 3773 1339 3826 defuturum

256 3853 321 3896 eret„
356 3844 395 3914 (7)
411 3842 625 3897 calumniatores
650 3846 762 3916 quidem
788 3848 855 3899 olins
881 3847 929 3898 olii
954 3863 1055 3916 poenas
1083 3845 1231 3908 dederuut,
1249 3847 1339 3896 Aaron

253 3931 318 3967 vero
336 3914 504 3984 gravissimas
521 3916 649 3980 omniurn,
668 3918 723 3969 suis
742 3919 800 3987 ipse
819 3917 925 3987 laqueis
944 3917 1073 3969 irretitus.
1085 3933 1141 3968 non
1161 3917 1248 3968 multo
1266 3916 1339 3968 enirn

254 3993 396 4056 postcom
417 3987 521 4053 megine
539 3987 691 4039 studiosum
720 4003 780 4040 esse
798 3995 965 4056 compertum
985 3995 1039 4050 est,
1060 3997 1087 4040 et
1106 3988 1279 4040 simulacrum
1297 3993 1340 4037 te·

254 4056 372 4108 :tudinis
390 4056 542 4126 prolatum,
559 4057 589 4108 in
607 4073 662 4127 quo
681 4069 740 4111 erat
758 4061 843 4128 inrogo
856 4057 982 4122 hominis,
1003 4059 1051 4129 qul
1074 4058 1167 4110 umbos
1189 4057 1272 4126 perles
1290 4057 1339 4107 lra-

253 4127 338 4180 bebst
355 4128 385 4179 in
401 4124 579 4197 compedibus
600 4137 627 4180 et
643 4137 737 4198 pectus
754 4131 830 4182 clavo
849 4131 1014 4182 transfixum.
1036 4139 1078 4182 est
1095 4137 1123 4180 et
1140 4127 1239 4179 librum
1260 4128 1339 4178 Solo-

254 4199 376 4254 συστάσει
392 4199 517 4259 υτολτυτυ
533 4197 736 4271 deprehensus,
757 4201 804 4273 qui
824 4217 883 4254 cum
902 4200 1059 4271 legebatur,
1084 4200 1205 4270 legiones
1226 4197 1338 4268 dcccmo-
