3017 4892
351 327 405 392 oe
432 319 596 392 {saturo
623 321 791 394 monto
819 328 895 392 ue.
926 333 952 393 1.
1100 301 1186 417 497

112 469 236 561 ἄμαχον
256 471 413 560 όχόρωμα
440 479 495 541 καί
523 471 680 541 ἀνάλωτον
705 473 887 560 χαράκωμα
913 477 970 560 τήν
998 475 1103 545 εἰκόνα
1133 482 1190 564 τῆς

113 575 318 662 θεομητορος,
340 571 409 659 ἥτις
430 579 464 640 ἐκ
487 579 543 658 τῆς
562 579 623 640 τῶν
636 571 775 662 Ὁδηγτὸν
796 579 916 660 μονῆς,
936 579 1008 641 καθ’
1032 576 1071 662 ἣν
1091 604 1190 665 προσ·

112 679 324 762 κεκληρωται,
351 668 540 762 Ὁδηγητρια
572 676 784 760 ἐπικέκληται,
803 671 970 762 η’ρρενοόθη
989 679 1049 757 μὲν
1069 681 1125 744 καί
1142 676 1191 745 οἴ·

113 782 208 841 rso-‘lev
223 771 302 858 πρός
326 773 544 858 άντιμάχησιν,
560 777 668 860 κρίνας
684 773 856 858 ἀλυσιτελῆ
878 772 936 859 την
951 776 1080 859 χρόνιον
1105 776 1194 854 ε’ντὸς

85 878 172 945 5τοῦ
196 868 313 949 ἄστεως
333 869 506 957 κάθειρξιν,
527 876 582 940 καί
600 875 787 940 άπευκταῖον
809 875 846 939 δέ
865 897 898 938 τι
912 872 1195 960 καινοποιὴσουσαν

114 977 163 1038 ἐπ’
187 966 273 1060 edroi
281 1022 292 1054 ‚
312 969 461 1050 πλειόνως
482 975 510 1038 δ’
532 969 642 1050 instes
662 981 731 1050 ταῖς
752 973 935 1058 ἐπιπλήξεσι
951 975 1118 1058 Καίσαρος
1138 979 1197 1040 τοῦ

113 1073 299 1157 Κορράδου.
342 1065 379 1158 ἦν
404 1073 440 1137 δὲ
473 1068 591 1157 siderio
621 1065 711 1148 οὗτος
736 1072 771 1136 τό
800 1076 860 1156 μὲν
887 1075 976 1157 γένος
1002 1072 1197 1158 Ἰταλιώτης,

113 1168 235 1256 πατρός
256 1175 283 1238 δ’
303 1175 399 1258 ἐξέφυ
418 1174 476 1238 τοῦ
496 1170 553 1256 τὴν
571 1169 682 1255 χώραν
702 1175 757 1258 τῆς
778 1171 907 1258 Μόντης
930 1172 1088 1259 φεράντης
1108 1176 1198 1239 κατέ·

113 1295 237 1354 χοντος.
279 1275 424 1338 τοσοῦτον
445 1272 476 1336 δ’
496 1273 543 1336 ἐπ’
563 1273 693 1361 α’νδρεόρ
712 1274 769 1337 xor*
788 1275 915 1338 συνέσει
942 1275 1087 1360 διέφερεν
1115 1267 1199 1338 ιόστε

72 1371 155 1434 roasi
178 1370 265 1456 παρά
282 1373 450 1454 Ῥωμαίοις
473 1369 572 1453 μόνον
597 1364 637 1456 ἦν
667 1370 881 1456 περιώνυμος,
907 1371 963 1437 καλ
986 1369 1125 1454 μάλιστα
1154 1375 1200 1462 τῷ

77 1538 80 1552 ,
115 1475 243 1554 βασιλεῖ
256 1470 414 1558 Μανσυηλ
432 1468 623 1556 ἐπιπόθητοι
643 1463 788 1552 ἄκουσμα
809 1469 852 1546 ὥς
873 1472 998 1556 φύσεως
1018 1468 1127 1554 λαχών
1145 1473 1296 1551 eri-Pati

117 1575 246 1655 κληρίαν
274 1571 328 1636 καὶ
356 1569 498 1647 διανοίας
533 1569 667 1654 σ’ξότητα
701 1571 758 1635 καί
781 1572 900 1656 χειρῶν
928 1566 1302 1656 δραστηριότηια,ν.ιω

117 1668 197 1736 α’λλά
221 1671 277 1734 κατ’
301 1668 389 1754 παρά
413 1677 480 1745 τοῖς
509 1665 687 1754 όμογενόσιν
716 1664 802 1756 adegi
832 1673 1055 1753 περικλεῖστος.
1106 1662 1200 1747 οὗτός

116 1771 201 1834 ἐστιν
223 1767 240 1832 ό
260 1765 673 1854 μεγιστσιςψιλσδωρὴμασι
692 1767 780 1851 παρά
800 1771 857 1834 τοῦ
873 1771 1028 1849 βασιλέως
1041 1765 1203 1853 Μαναυηλ

68 1869 269 1950 minamur
291 1866 345 1931 κατ’
369 1863 506 1950 ἀντάρας
526 1876 638 1950 χεῖρας
662 1867 706 1954 τῷ
735 1869 791 1949 τῆς
811 1869 1003 1948 ’Λλαμανίας
1030 1867 1118 1952 ῥηγό,
1150 1865 1206 1930 καὶ

117 1961 206 2053 μάχῃ
227 1962 282 2030 τόν
302 1967 470 2028 ἐπίσκοπον
493 1965 683 2048 Μαγὲντζης
702 1963 868 2049 νενικηκώς
891 1963 1112 2050 καγκελλάριον
1129 1959 1204 2030 ὄντα

116 2068 178 2130 τοῦ
198 2061 295 2150 ῥηγός
318 2064 373 2128 καί
396 2061 476 2128 κατά
506 2062 561 2148 την
584 2063 714 2130 Ἰταλίαν
736 2063 915 2156 ἐμβαλόντα
941 2062 1021 2146 μετά
1053 2069 1206 2130 πλείστων

118 2159 302 2245 δυνάμεων,
322 2161 519 2248 συνειληφώς
540 2185 574 2228 τε
594 2160 694 2228 ου’τόν
718 2164 774 2228 καὶ
796 2165 922 2245 δεσμοῖς
942 2158 1131 2248 περιβαλών,
1152 2168 1207 2228 κατ’

117 2255 176 2328 οὖν
206 2255 308 2338 άλλως
334 2259 504 2326 α’πολόσιιυ
536 2258 774 2345 ἰσχυριζόμενος
806 2265 838 2326 ελ
867 2260 911 2346 μή
943 2261 992 2347 εἴη
1019 2263 1114 2326 τοῦτο
1151 2262 1206 2326 καὶ

67 2365 163 2450 αυτῷ
186 2362 352 2442 Ῥωμαίων
386 2365 517 2442 βασιλεῖ
539 2361 750 2446 προσταχθέν.
795 2360 864 2425 τότε
897 2362 933 2425 δὲ
955 2364 1014 2425 τοῦ
1048 2362 1204 2443 βασιλέως

114 2463 271 2530 ’λσαακόου
290 2459 342 2525 τὸν
362 2460 464 2524 αὐτοῦ
483 2455 642 2541 όμαίμονα
656 2457 913 2548 Βονιφάτιονδιά
929 2463 1089 2544 πρέσβεων
1106 2483 1205 2542 μετα-

115 2563 334 2643 στειλαμένου,
357 2558 404 2634 ὦς’
421 2556 498 2626 κατά
520 2553 623 2642 γάμον
647 2563 828 2644 συναφθείη
856 2557 1008 2647 Θισδιόρρ
1037 2562 1077 2648 τῇ
1103 2561 1232 2626 adserit!

188 2765 215 2818 6.
232 2763 275 2816 ἐπ’
293 2759 372 2831 adegi
390 2777 433 2813 om
450 2763 481 2812 t.
553 2779 577 2832 7.
598 2723 768 2835 Ἰταλιιλτης]
785 2759 955 2833 λαμπάρδος
972 2761 1009 2824 Δ,
1025 2762 1162 2830 φραγμεντ
1175 2759 1204 2809 Β.

191 2837 230 2887 ι3.
248 2833 458 2904 urgentiores]
476 2828 663 2902 δπερενδοξοι
680 2835 709 2888 Β.
800 2835 838 2886 r5.
855 2841 939 2901 χεῖρα
956 2831 987 2882 Δ.
1086 2834 1125 2888 ιο.
1146 2845 1202 2899 μα-

187 2906 317 2975 γνέντῑης
334 2905 366 2967 Δ,
386 2910 417 2957 ut
434 2919 514 2974 supra
531 2919 650 2974 quoque.
727 2919 770 2956 ar.
786 2901 1046 2974 μεταστελλομίνου
1058 2902 1090 2953 Δ.

116 3075 236 3131 avorsari
255 3079 377 3127 cerneret
393 3081 424 3127 ut
442 3075 524 3126 etiam
543 3081 731 3136 execraretur,
757 3072 803 3124 dei
823 3071 961 3140 genitricis
980 3068 1114 3136 imagine,
1131 3082 1202 3136 quae

116 3151 154 3200 ab
177 3145 298 3216 llodegio
319 3146 481 3198 monasterio
501 3145 666 3212 llodegetria
683 3150 870 3212 nuncupatur,
886 3144 916 3193 in
935 3139 1044 3192 moenia
1063 3154 1113 3208 pro
1133 3139 1203 3188 salto

114 3217 324 3288 inexpugnabili
345 3216 490 3280 translata,
509 3234 569 3268 cum
592 3222 689 3285 suapte
716 3214 851 3266 industria
878 3212 913 3264 ad
932 3225 1047 3280 pugnam
1074 3207 1204 3260 inaltatus

115 3299 178 3352 est,
198 3289 271 3358 qtrod
290 3289 444 3340 diuturnam
467 3285 639 3339 obsidionum
660 3301 676 3335 e
695 3301 723 3334 ro
744 3301 793 3336 sun
813 3300 869 3336 non
888 3298 946 3333 esse
970 3288 999 3332 ot
1023 3278 1130 3347 aliquid
1155 3280 1204 3328 ad-

113 3360 189 3414 vorsi
206 3375 390 3428 novarumque
417 3375 505 3409 rerum
529 3355 651 3407 studium
673 3355 817 3406 allaturam
836 3353 970 3424 putabat,
999 3359 1057 3402 tum
1086 3349 1203 3400 Conrodi

114 3431 243 3484 Caesaris
262 3429 373 3482 hortatu
401 3430 516 3480 maxime
537 3425 677 3496 impulsus.
706 3433 765 3478 erat
789 3426 813 3477 is
837 3425 879 3478 vir
900 3436 997 3491 genero
1016 3419 1204 3484 bombardus,

114 3501 315 3556 Montisl'errati
335 3499 439 3552 domini
457 3498 537 3560 filius,
557 3495 702 3566 prudentia
721 3503 749 3548 et
766 3492 929 3546 fortitudine
941 3498 1048 3543 tantum
1068 3491 1203 3543 excellens

113 3583 148 3625 ut
171 3587 226 3624 non
247 3571 320 3642 apud
340 3573 472 3621 liomanos
498 3568 630 3618 duntaxat
655 3574 727 3619 esset
754 3565 884 3627 celebris,
902 3561 1025 3615 bianueli
1044 3563 1203 3630 praesertim

114 3660 215 3708 carus,
233 3651 266 3695 ut
283 3643 317 3694 ab
336 3641 395 3710 ipsa
412 3649 508 3691 notura
528 3645 556 3688 et
575 3637 678 3706 ingenii
698 3645 725 3688 et
742 3651 872 3688 manuum
895 3631 1059 3683 dexteritate
1077 3633 1203 3684 luculen-

115 3723 161 3768 tor
178 3721 304 3776 ornatus,
330 3711 378 3763 sed
396 3709 469 3781 apud
486 3707 631 3780 populares
649 3723 759 3776 quoquo
780 3723 842 3758 suos
862 3704 981 3756 inclitus.
1007 3703 1052 3754 bio
1076 3712 1131 3767 est,
1152 3703 1202 3772 gui

114 3785 243 3838 maximis
265 3781 455 3852 largitionibus
481 3798 496 3832 a
515 3778 642 3831 Manuale
662 3779 795 3848 impulsus
817 3775 1025 3828 Alemannorum
1046 3775 1101 3843 regi
1121 3775 1201 3826 resti-

113 3857 170 3918 tit,
188 3864 216 3908 et
234 3855 423 3922 Moguntinum
444 3851 600 3920 episcopum
618 3849 810 3900 cancellarium
829 3847 899 3915 regis
916 3846 1061 3914 superauit,
1078 3847 1201 3916 quicum

113 3925 243 3981 maximis
262 3925 348 3994 copiis
369 3922 573 3993 impressionem
592 3921 621 3971 in
640 3919 747 3971 ltaliam
767 3919 884 3983 iecorat;
908 3933 1024 3986 eumque
1043 3917 1072 3967 in
1091 3914 1201 3967 vincula

114 3997 272 4050 coniectum
289 3994 369 4046 aliter
385 4013 414 4046 se
434 3993 606 4045 dimissurum
626 3991 754 4058 negavit,
775 3989 829 4040 nisi
847 4005 862 4040 a
881 3989 1059 4038 Romanorum
1081 3987 1202 4055 impera-

115 4077 178 4121 tore
200 4067 348 4118 iuberetur.
367 4071 426 4116 tum
453 4071 542 4114 autern
567 4080 627 4115 eum
645 4063 793 4131 imperator
809 4059 925 4112 isaacius
949 4059 984 4109 ad
1009 4061 1118 4109 fratrem
1142 4055 1202 4107 eius

114 4137 288 4193 Bonifatium
309 4135 413 4204 legatos
431 4135 549 4187 misisset
565 4133 599 4186 de
620 4149 711 4184 sorore
730 4129 876 4184 Theodora
894 4130 937 4180 illi
954 4126 1157 4198 despondends,
1178 4126 1202 4176 is

113 4226 183 4266 uero
200 4209 254 4260 iam
273 4225 333 4260 curn
351 4205 405 4257 alia
422 4205 531 4276 ntrptias
546 4201 726 4266 celebrasset,
743 4201 829 4274 legati
848 4215 960 4270 magnae
980 4197 1121 4252 felicitatis
1139 4195 1201 4249 loco

170 4313 283 4368 Nicetes
305 4313 461 4368 cessisses.
978 4302 1013 4354 32
