3017 4892
394 345 436 409 iu
464 341 644 410 uicarau
672 338 928 408 cuoumrau.
1128 313 1213 430 873

131 498 215 561 baud
238 497 332 560 dubie
363 495 556 581 probabitur.
574 497 599 559 si
618 499 672 579 qni
692 507 796 558 autem
816 494 974 556 semidocti
994 508 1023 558 et
1043 495 1215 580 scrupulosi

128 583 348 646 homunciones
384 580 435 642 vel
466 579 677 662 negligentiam
714 581 765 640 vel
800 579 953 639 licentiam
980 579 1029 639 vei
1065 581 1213 644 inscitiam

133 687 234 727 meam
254 661 447 740 accusabant,
470 658 595 736 τούτοις
613 656 675 742 ἐγῶ
687 657 815 740 χαίρειν
832 662 887 722 καί
906 660 1068 740 ἐρρῶσθαι
1089 662 1213 746 φράσω.

132 749 331 830 nequeenim
352 757 436 808 tanta
454 767 504 807 res
524 756 579 822 est,
603 757 665 807 eta
685 756 796 805 natura
816 753 848 805 et
861 745 971 805 studiis
991 745 1064 805 meis
1081 746 1215 809 alienum

132 841 170 892 ut
190 852 360 913 quenquam
385 829 507 912 cupiam
533 826 652 890 κλαίειν
682 826 738 888 sci
758 825 912 904 οἰμώζειν.
942 825 1018 886 iliud
1039 827 1168 906 vellem,
1189 831 1214 891 si

132 915 208 996 quid
228 913 363 995 optando
382 913 603 994 proficeretur,
626 911 658 970 in
679 911 833 993 plerisque
853 909 1019 972 lectoribus
1040 921 1093 971 aut
1115 915 1214 973 minus

135 1017 202 1059 esse
222 998 417 1079 arrogantiae
439 1007 492 1057 aut
511 994 581 1076 plus
600 994 780 1055 eruditionis
800 1005 830 1054 et
850 993 1030 1055 industriae.

220 1082 258 1146 P.
281 1079 313 1158 5,
332 1100 362 1162 9.
401 1075 618 1157 ἄνιχρήαψαιο
638 1072 695 1158 τήν
714 1069 836 1160 ψυχήν]
872 1077 1033 1138 exercuerit
1058 1077 1214 1152 ααίιαιιιας

132 1170 171 1223 ιιι
190 1164 322 1224 Zonaras
353 1182 444 1246 saepe
471 1157 659 1243 ίξηριιλξαιο
691 1163 858 1239 enatavit,
893 1160 947 1221 sed
974 1159 1012 1222 de
1032 1157 1134 1242 impiis
1155 1159 1217 1219 sere

8 1310 10 1319 ,
135 1256 267 1306 tantum.

216 1328 257 1390 Ρ.
276 1328 306 1407 5,
331 1349 379 1391 ιι.
418 1322 619 1410 ιριιιόριονοι]
647 1327 702 1410 qni
723 1325 817 1386 trium
839 1327 996 1388 cornicum
1018 1335 1146 1387 aetatem
1170 1321 1218 1384 vi-

134 1423 260 1491 serunt,
282 1414 304 1473 i.
325 1435 352 1474 e.
367 1413 428 1474 5ου
447 1431 553 1473 annos.
575 1421 682 1471 notum
703 1419 748 1470 est
769 1407 846 1493 quid
866 1409 1013 1491 Virgilius
1037 1431 1071 1470 er
1088 1405 1213 1469 Hesiodi

137 1497 322 1558 auctoritate
343 1495 383 1558 de
403 1496 534 1557 cornicis
555 1512 632 1554 aevo
653 1492 829 1570 fabuletur,
849 1491 897 1553 bis
917 1492 1075 1554 versibus:

300 1593 350 1640 ter
365 1579 451 1639 binos
470 1577 629 1661 deciesque
648 1597 756 1638 nouem
773 1579 928 1659 superescit
946 1579 978 1637 iu
997 1595 1115 1653 αιυιοι,

298 1664 381 1722 iusta
399 1671 597 1722 senescemus
616 1679 693 1742 quos
710 1660 816 1742 implet
834 1660 903 1720 uita
924 1662 1076 1720 virorum.-

303 1747 357 1804 lios
377 1741 481 1806 novies
499 1755 623 1822 supeant
640 1743 776 1802 uiuendo
794 1742 922 1823 garrula
942 1744 1063 1804 cornix.

218 1824 259 1890 Ρ.
283 1825 315 1904 5,
340 1827 389 1887 13.
409 1819 470 1896 scic
487 1823 555 1885 sois
573 1818 718 1902 πράξεων
741 1821 863 1908 (λύσσας
883 1815 1146 1906 ineruditorum]
1168 1841 1218 1884 ue·

136 1927 205 2050 ιᾶιια
232 1923 387 1989 gestamur
415 1927 503 1992 nages
539 1903 731 1991 nsodieater.
762 1910 830 1990 quis
862 1907 933 1970 istas
961 1907 1125 1992 elegantias
1156 1925 1218 1967 non

215 1996 291 2051 uat'l

162 2011 265 2134 οφΡ.
288 2071 318 2148 6,
339 2093 389 2140 αα.
429 2068 501 2135 insi
519 2066 686 2144 dicicitur*
704 2059 797 2131 ἄλλοι
811 2069 982 2150 ξυμβαλεῖν
1000 2063 1124 2150 ἔχουσι]
1146 2090 1220 2151 pro-

139 2152 199 2216 lixa
222 2165 254 2217 et
271 2155 491 2218 intricatissima
511 2155 667 2236 periodos.
687 2175 705 2216 e
733 2154 844 2237 quibus
865 2153 990 2214 salebris
1009 2173 1058 2214 ine
1076 2154 1128 2215 vix
1146 2154 1219 2236 qui.

138 2237 244 2381 (ἐξω,
263 2239 317 2300 sed
343 2239 482 2322 expediri
511 2249 639 2314 tamen,
668 2246 705 2300 ut
732 2238 888 2301 arbitror:
919 2235 1050 2298 multum
1069 2245 1153 2299 certe
1173 2236 1219 2298 ia·

181 2341 260 2384 ravi.

220 2406 259 2466 P.
278 2425 312 2488 7,
337 2423 384 2468 ιι.
426 2396 578 2484 ἄρξαντος
606 2396 740 2482 πρώτως
757 2399 914 2484 Ἀλεξίου]
944 2401 1065 2487 respicit
1093 2403 1131 2466 ad
1163 2421 1218 2464 sua

136 2487 330 2568 potissimum
361 2498 518 2569 tempora,
552 2499 589 2548 nt
606 2488 760 2548 arbitror:
780 2507 850 2548 nam
876 2487 967 2569 longe
987 2497 1058 2548 ante
1076 2485 1218 2548 Aletium

137 2571 269 2633 isaacius
290 2572 462 2633 Comnenus
490 2582 559 2654 post
582 2568 762 2632 Michaelem
791 2569 1002 2632 Stratioticnm
1035 2569 1319 2656 imperavit3v.343

136 2654 186 2716 cui
208 2655 425 2716 Constantinus
443 2655 547 2716 Duces
566 2655 731 2730 successit,
755 2663 792 2714 ut
815 2653 913 2716 refert
930 2655 1073 2716 Zonaras.

220 2736 261 2798 P.
285 2759 333 2814 ιο,
361 2738 409 2806 ι6.
448 2735 469 2822 'l
493 2737 619 2816 βασιλὶς
646 2736 682 2799 ct
700 2729 823 2818 Εἰρήνη
850 2737 906 2797 καί
924 2734 1028 2816 μήτηρ
1048 2727 1320 2818 Ἰαιίννυυ]Ρ.4ιρ

137 2818 302 2883 Choniates
330 2823 457 2883 nimium
484 2821 637 2897 solicitos,
665 2829 702 2881 ut
724 2831 872 2901 apparet,
907 2839 946 2879 ne
976 2820 1045 2900 quis
1074 2837 1220 2878 errores

136 2903 274 2985 propriis
304 2905 480 2968 nominibus
514 2905 640 2978 existat,
679 2903 814 3044 epitheta
852 2919 1076 2982 supervacanea
1106 2899 1222 2960 adiicit.

135 2987 246 3049 lrenen
278 3009 342 3050 esse
360 2988 581 3070 imperatricem
610 2995 641 3045 et
662 2987 699 3045 io
721 2985 810 3043 annis
832 2995 960 3042 matrem
981 2979 1052 3042 satis
1071 2981 1222 3043 intellexi·

135 3089 225 3145 mus,
254 3091 356 3152 neque
384 3071 553 3152 periculum
587 3079 633 3128 est
664 3087 704 3126 ne
724 3085 806 3126 nunc
830 3065 889 3126 alia
911 3068 998 3126 Irene
1020 3063 1218 3142 intelligatur.

136 3153 306 3295 sprareeltsas
333 3163 380 3296 etf
393 3151 505 3251 similes
529 3147 769 3228 σερισσυλυγίας
799 3148 943 3248 omittere
977 3168 1038 3246 uon
1069 3146 1221 3212 dubitavi.

135 3252 215 3292 iem
267 3255 328 3296 iam
375 3255 419 3296 eci
444 3256 476 3295 in
495 3253 530 3295 sn
571 3251 720 3293 rvacanea
741 3251 798 3312 pro
820 3253 935 3314 norum
953 3251 1110 3292 nominum
1185 3251 1220 3292 e·

135 3315 246 3458 titiione
262 3330 317 3379 ant
334 3339 391 3401 pro
411 3253 1019 3400 relativiiepronominibuspcollcautione
1041 3251 1219 3378 molesiipet

136 3417 249 3460 orosa.

217 3482 257 3545 P.
285 3503 333 3560 ιο,
357 3481 407 3562 ιή
448 3478 661 3560 tacitistacitis
678 3473 849 3570 {acriam
868 3474 1006 3562 σώματι]
1027 3501 1083 3564 pro
1102 3477 1217 3544 ίιιιιιει-

135 3561 215 3646 μίιη
234 3564 279 3649 τιή
298 3559 422 3644 σώματι
440 3565 498 3626 τοῦ
517 3557 643 3644 deripis.

220 3649 258 3711 P.
283 3668 331 3725 ιι,
358 3669 383 3710 ι.
436 3645 481 3720 ὥς
504 3643 600 3728 κρήνη
617 3640 825 3732 μελάνυδρος]
843 3657 960 3728 utjour
977 3647 1082 3729 nigrae
1105 3667 1216 3732 σηιισι.
1339 3677 1343 3684 ·

134 3729 236 3811 aptior
263 3731 372 3793 fuisset
402 3732 568 3792 choniates
595 3731 757 3792 scribendo
783 3733 914 3814 poemati
934 3752 1027 3814 quam
1047 3729 1215 3812 historiae,

135 3825 265 3895 propter
287 3815 415 3876 Homeri
436 3813 613 3898 diligentem
632 3814 850 3876 imitationem.
868 3815 944 3876 baec
964 3813 1097 3897 epitbela
1119 3825 1149 3876 et
1169 3813 1218 3876 ei-

136 3887 221 3969 κόνις
248 3919 342 3979 quam
374 3899 530 3959 historiam
562 3895 691 3958 demant
722 3899 834 3960 neseio.
867 3892 989 3970 εἰκόνας
1007 3900 1147 3960 omittere
1165 3897 1216 3958 uir

136 3981 256 4056 ausim,
286 3983 344 4042 nisi
375 3981 505 4042 nimium
532 3979 708 4062 frequentes
733 3991 765 4042 et
785 3979 908 4044 licentes
936 3981 1060 4043 suerint.
1084 3979 1218 4062 epitheta

136 4083 212 4124 vero
233 4085 298 4124 non
321 4064 433 4147 ubique
454 4064 530 4125 mihi
552 4061 788 4145 interpretanda
808 4085 873 4128 esse
893 4064 977 4126 duxi.
998 4063 1085 4128 cuius
1105 4064 1148 4122 rei
1168 4060 1216 4122 le-

134 4155 251 4207 ctorem
272 4148 366 4210 semel
386 4147 576 4209 admonitum
595 4149 686 4208 etiam
709 4147 850 4231 deinceps
867 4149 1037 4210 meminisse
1056 4145 1159 4222 velim,
1177 4165 1218 4205 nc

135 4231 218 4312 quod
242 4231 354 4296 iudicio
385 4232 497 4296 samum
523 4242 593 4315 est,
621 4231 756 4296 inscitiae
786 4246 840 4298 aut
859 4231 1058 4318 negligentias
1087 4228 1216 4297 tribuat.
