3017 4892
278 322 335 387 nn
362 322 509 387 arnxro
538 319 684 385 reaten
714 322 866 385 auum
894 324 957 385 ru.
988 326 1062 389 are.
1093 332 1117 390 ι.
1176 302 1259 414 607

175 510 232 555 ’σιν
250 492 397 573 ἐκρίνετο,
417 494 483 563 τοῖς
498 488 528 549 δ’
547 486 694 569 ἀγνοοῦσι
714 488 986 572 σχηματίζεσθαι·
1010 484 1102 568 ἒξάν
1121 493 1150 556 δ’
1169 487 1262 558 dere.

181 612 237 675 ρον
257 587 476 669 διεπεπρύχει,
509 580 563 649 ὅτε
591 584 626 649 τύ
649 588 729 651 κατά
747 583 805 669 τὴν
824 585 968 650 σύνοικον
984 586 1147 669 γεγόνασιν
1166 590 1262 656 ἔκαυ-

170 712 258 767 Ιεντα,
280 688 392 769 σαφῶς
425 684 586 760 ἀπέδειξεν
617 679 660 761 ὥς
681 684 774 749 ου’δὲν
794 688 858 748 τοῖν
876 688 1083 766 τολμωμένων
1103 687 1289 771 ἠπάτηκας

181 781 317 869 δηλιύσει
351 786 386 848 δὲ
415 786 515 848 ταύτα
545 781 581 847 τύ
614 787 714 867 λε’γειν
734 781 813 848 κατὰ
841 782 896 848 τύν
918 786 1030 849 οἰκεῖον
1049 788 1168 871 καιρόν.
1207 793 1262 875 τῆς

150 885 282 953 trottae
298 884 461 965 βασιλίδος
481 884 556 957 τοὺς
576 876 670 967 ύρους
690 878 941 969 ύπερβαινούσης
960 888 1016 950 καί
1033 882 1074 951 'cd
1094 895 1165 963 ταῖς
1188 890 1264 974 πρίν

178 980 383 1065 Αὐγούσταις
397 979 562 1063 Ῥωμαίων
581 981 679 1065 ἔθιμα
694 980 884 1069 ἀδοξούσης,
906 987 952 1059 εἰς
973 987 1031 1049 δύο
1050 989 1188 1069 ἀτεχνῶς
1207 990 1263 1074 ἀρ-

175 1080 239 1166 χὰς
262 1081 282 1165 ἢ
301 1084 447 1163 βασιλεία
458 1080 596 1168 διῄρητο·
618 1082 659 1147 ου’
677 1080 737 1168 γὰρ
760 1082 777 1146 d
800 1085 923 1168 erperode
939 1079 1036 1164 μόνον
1057 1084 1158 1150 ὁπόσα
1177 1083 1264 1173 ιἤρει-

176 1204 211 1245 το
232 1177 437 1263 διεκελεύετο,
466 1179 547 1246 ἀλλά
576 1179 824 1263 ταυτοδυνάμως
848 1180 946 1269 τούτῳ
980 1183 1106 1267 κάκείνη
1124 1183 1165 1247 τύ
1184 1182 1264 1269 πρδς

175 1284 292 1365 βουλῆς
312 1279 524 1367 διεπράττετο,
544 1283 578 1346 ἓν
595 1287 719 1357 πολλοῖς
733 1284 769 1347 δὲ
784 1280 839 1345 καί
857 1282 967 1346 ἀνέλυε
982 1280 1062 1365 πρύς
1072 1281 1108 1347 τὸ
1119 1288 1264 1367 θυμῆρες

132 1380 261 1469 ιοαύτῇ
286 1384 524 1464 μεταμειβουσα
552 1375 634 1465 ἀνιερ
667 1382 813 1446 ἐδέδοκτο
834 1384 970 1461 βασιλεῖ.
1012 1382 1094 1444 ἀλλά
1112 1381 1169 1446 καί
1185 1404 1261 1467 πρε-

175 1480 284 1563 σβείας
302 1484 452 1565 μεγίστης
471 1481 575 1545 ε’θνῶν
588 1476 765 1563 μελλούσης
777 1484 908 1561 βασιλεῖ
923 1475 1163 1562 ἐποπτύνεσθαι,
1182 1474 1262 1565 θρύ-

175 1603 225 1643 υοι
245 1580 599 1666 συμφυούςπολυτελεῖς
619 1580 834 1664 παρετίθεντο,
846 1576 902 1641 καί
912 1580 1145 1663 συνεδρεύουσα
1167 1600 1261 1663 προε-

174 1676 294 1763 κάθητο
315 1681 467 1761 λαμπρῶς
491 1679 746 1761 διεσκευασμένη,
766 1680 869 1752 λίθοις
878 1701 912 1741 τε
927 1679 980 1741 καὶ
993 1672 1168 1762 μαργάροις
1189 1680 1260 1741 δια-

175 1776 292 1861 φανέσι
311 1775 347 1839 τὸ
369 1772 545 1855 τυμπάνων
564 1778 743 1840 ἀναδύουσα
769 1775 825 1840 καί
844 1774 900 1840 τόν
919 1775 1076 1859 τράχηλον
1096 1774 1287 1859 ύρμίσκοιςς

129 1878 359 1953 τ5αολυτίμοις
377 1872 652 1953 διαλαμβάνουσα.
694 1877 792 1938 ἐνίοτε
813 1878 849 1939 δὲ
871 1880 940 1939 κατ’
959 1869 1058 1949 ἀλλος
1077 1878 1259 1955 βασιλείους
1359 1946 1363 1952 ,

176 1969 345 2053 οἰκοδομάς
376 1967 592 2052 διιστάμενοι,
613 1974 670 2036 καί
692 1966 753 2035 ἀνύ
772 1974 867 2055 μέρος
887 1974 1064 2058 ἀμφότεροι
1084 1969 1260 2058 προφαινό-

175 2094 282 2153 μενον,
305 2072 349 2147 είς
369 2065 481 2133 ἑαυτὸν
501 2070 646 2153 ἐμέριζεν
666 2067 702 2133 τὸ
716 2066 873 2153 ύπήκοον·
914 2068 936 2152 ἢ
956 2074 1011 2133 καί
1030 2068 1160 2154 πρώτως
1178 2072 1259 2137 ἀπο.

175 2178 285 2251 νεῖμαν
319 2173 450 2251 βασιλεῖ
472 2163 703 2252 προσκύνησιν,
728 2170 852 2233 ἐκεῖθεν
871 2168 1007 2251 ἀνταῖρον
1025 2167 1105 2252 πρύς
1124 2168 1182 2253 την
1199 2176 1260 2253 βα-

174 2268 283 2334 σιλίδα
303 2264 524 2349 μετεπορεύετο
557 2268 612 2330 καί
626 2269 811 2352 βαθυτέραν
834 2265 915 2353 αύτῇ
935 2277 1068 2350 παρεῖχε
1088 2272 1147 2332 τού
1165 2266 1259 2351 γύνα-

124 2399 166 2442 20
174 2393 228 2445 τος
247 2368 440 2451 σύγκαμψιν.
489 2365 528 2430 ού
548 2370 681 2449 βραχεῖς
712 2364 818 2430 δὲκαὶ
840 2370 903 2430 τῶν
929 2369 1001 2429 καθ’
1033 2361 1114 2448 αἷμα
1132 2372 1266 2450 βασιλεῖ

176 2466 378 2551 ἐγγιζόντων,
399 2466 454 2530 καί
476 2458 523 2539 οἷς
551 2465 591 2529 τύ
615 2461 804 2549 ὑπερήφανα
822 2467 885 2529 τοῖν
904 2461 1063 2551 ἀφφικίων
1083 2459 1260 2549 ἀνέκειντο,

174 2565 248 2640 τούς
270 2559 377 2645 οἴμους
395 2563 438 2639 ἀς
465 2564 617 2649 θρανίδας
638 2560 867 2645 ύνιοβάλλοντες
881 2564 936 2638 ἐπὶ
952 2566 1015 2631 τάν
1032 2568 1186 2652 λαμπρῶν
1204 2568 1260 2633 καί

175 2663 343 2752 μετεώρων
356 2660 469 2729 θτύκων
483 2662 541 2749 την
560 2666 709 2745 βασιλίδα
729 2662 895 2750 ἀνέφερον.

248 2888 287 2941 ιλ.
304 2884 440 3007 λαγδητράη
458 2880 559 2956 darae-1
581 2880 794 2954 ίξομπλισμένη
815 2882 844 2934 Β.
900 2898 942 2935 aa.
964 2882 1002 2942 ἀς
1022 2880 1173 2959 θρανίάας]
1193 2884 1259 2941 deal

247 2970 336 3010 οονπε
369 2970 402 3008 ου
441 2989 449 3003 .
802 3004 809 3017 ,

174 3129 243 3191 mla,
263 3142 317 3195 qua
334 3123 460 3177 maritum
485 3119 692 3176 dehonestabat.
710 3120 759 3190 qui
783 3136 844 3173 eum
860 3122 941 3175 initio
961 3122 990 3172 id
1009 3121 1126 3174 dedeeur
1145 3124 1213 3176 rcire
1230 3134 1259 3180 et

97 3239 103 3252 .
174 3197 345 3251 dirrimulere
368 3193 403 3246 ab
431 3193 557 3245 omnibua
583 3196 744 3261 putaretur,
762 3199 854 3243 tamen
872 3208 904 3243 ea
924 3194 1043 3244 facinora
1062 3209 1091 3245 re
1112 3193 1258 3263 ignorarre,

172 3278 267 3340 portea
286 3284 347 3319 curn
364 3261 503 3335 publicata
522 3269 621 3325 errent,
639 3260 802 3325 declaravit,
820 3269 852 3313 ut
869 3280 918 3315 ruo
936 3272 1059 3331 tempore
1079 3264 1258 3319 narrabimus.

173 3358 234 3392 aum
253 3339 335 3409 igitur
363 3334 522 3405 imperatrix
546 3331 648 3383 limites
674 3332 827 3383 transiliret
844 3340 873 3385 et
889 3333 1059 3403 superiorum
1078 3332 1258 3403 Augurtarum

174 3412 302 3463 inrtitnta
322 3412 520 3466 contemneret,
547 3402 691 3473 imperium
709 3401 791 3471 plane
810 3402 840 3455 in
859 3402 926 3455 duor
944 3402 1114 3473 principatur
1131 3411 1174 3457 ert
1190 3406 1261 3461 divi·

173 3494 350 3550 rubumque
376 3476 449 3529 enim
474 3474 621 3543 imperatur
640 3470 774 3525 duntaxat
790 3472 924 3544 quicquid
947 3481 1006 3525 erat
1021 3472 1131 3527 libitum
1147 3478 1261 3533 manda-

172 3552 235 3604 bat:
253 3549 302 3602 red
320 3548 369 3599 illa
393 3548 476 3599 etiam
505 3543 565 3615 pari
590 3541 769 3607 auctoritate,
802 3560 874 3615 quae
903 3544 962 3596 vira
988 3552 1080 3608 eraut,
1097 3548 1260 3618 peragebat,

174 3622 229 3673 imo
248 3616 397 3690 aliquando
425 3631 474 3685 pre
503 3630 553 3667 aua
575 3611 694 3666 libidine
719 3612 796 3667 illine
820 3614 901 3668 iuerir
928 3614 1124 3669 intercedebat
1151 3626 1180 3671 et
1198 3638 1260 3674 euru

172 3692 307 3744 maximae
336 3686 485 3756 legationer
510 3682 665 3739 audiendae
695 3691 788 3749 erant,
812 3682 868 3737 due
884 3686 1003 3754 pretiora
1024 3684 1093 3739 rolla
1113 3681 1261 3763 coniunge·

171 3764 292 3825 bantur,
313 3766 342 3811 et
370 3759 420 3810 illa
443 3756 540 3809 marita>
558 3772 619 3809 eum
642 3769 741 3823 magne
766 3752 913 3825 rplendore
933 3772 965 3808 ae
980 3754 1084 3826 pileolo
1103 3763 1213 3827 gemmir
1230 3770 1260 3815 et

170 3830 322 3905 perepicuir
349 3828 501 3897 margaritir
529 3834 626 3880 ornato
643 3824 801 3890 arridebat,
824 3834 853 3879 et
869 3833 980 3896 tarquer
997 3827 1207 3897 pretiorirriurea
1223 3832 1259 3885 de

171 3906 244 3957 eollo
261 3898 453 3971 rurpendebat
474 3896 624 3967 aliquando
642 3896 725 3949 etiam
740 3896 771 3949 in
787 3895 850 3949 aliie
865 3896 975 3967 palatiir
992 3899 1109 3951 reinneti
1125 3902 1259 3970 perticae

172 3975 372 4035 adorabantur,
391 3966 509 4023 rubditir
528 3966 562 4020 eb
587 3968 624 4020 im
645 3973 751 4020 eratore
779 3965 815 4020 ad
833 3967 909 4020 illarn
927 3967 1097 4022 ralutandam
1114 3977 1259 4023 tranreuu-

170 4046 247 4099 tibur
279 4053 308 4098 et
332 4058 421 4113 genua
446 4038 604 4093 rubmirriua
623 3984 807 4093 lactentibur.
831 4040 957 4092 nonnulli
986 4040 1069 4091 etiam
1086 4040 1258 4127 imperatoria

172 4115 382 4187 eonranguinei,
401 4113 449 4183 qui
478 4126 593 4164 ruminor
612 4109 785 4178 magistrutnr
805 4109 951 4180 gerebant,
969 4108 1149 4181 imperatriear
1166 4112 1259 4183 rplau-

172 4188 251 4243 δίδοι
269 4195 299 4245 et
315 4186 383 4269 altar
397 4183 509 4239 lecticae
525 4181 647 4237 barnerir
663 4188 795 4253 tanquan
812 4181 948 4255 mancipia
962 4180 1102 4240 rubibant.
