3017 4892
258 353 313 418 nn
341 346 489 416 suerro
522 341 1098 416 sssscusucnnm.1n.1u.
1157 319 1246 430 669

158 503 315 588 Ἀγκύρας
333 500 494 584 σατράπης
509 499 699 578 ἐπικούρους
713 496 887 564 ἀπέσταλκε
907 501 1044 576 βασιλεῖ,
1067 491 1117 562 ότε
1136 497 1192 562 κατ’
1210 496 1245 560 τό

163 604 223 684 μὲν
244 597 386 686 περίτῆν
405 597 575 683 όρθόόοξον
589 599 694 662 πίστιν
714 594 802 680 όγιὲς
821 597 875 660 κατ’
893 593 1091 680 θηρμότερον
1115 594 1171 663 τόν
1189 599 1246 678 βα·

166 703 258 765 σιλὲα
278 697 486 781 δξελιπόρησε
503 695 550 780 μή
570 698 776 780 συγχωρῆσαι
798 691 879 769 όλως
902 701 968 769 τοῖς
991 695 1140 776 Τούρκοις
1160 691 1248 760 οἴκα-

165 804 201 866 δε
222 796 412 880 ἀνθρώπους
431 804 623 878 μετενεγκεῖν
645 793 724 858 θεόν
753 791 790 858 δν
809 793 899 878 ἡμεῖς
924 789 1139 875 πρεσβεύομεν
1158 799 1352 876 ostio-tam

138 896 286 980 ὄμίνοος,
307 894 359 959 ἵνα
378 892 423 978 μὴ
439 893 495 980 τὴν
512 893 618 959 πίστιν
632 886 756 970 εἴκοντες
775 895 984 974 μεταθέμενοι
1004 893 1039 955 τό
1060 896 1150 956 θεῖον
1170 891 1251 958 ιιατό

166 999 229 1063 τῶν
250 991 405 1060 ἐκδόντων
426 991 619 1076 εἰτμὴνωσιν,
639 991 721 1083 ἄλλό
740 990 776 1058 τό
797 995 856 1074 μὲν
868 989 1031 1074 Βλαχικόν
1053 989 1253 1073 αἰχμάλωτον

165 1099 200 1172 ἐς
221 1090 375 1160 οἰκετικόν
399 1093 599 1176 α’ντοδοθῆναι
615 1090 801 1172 Ῥωμαίοις,
835 1088 952 1167 αύτούς
982 1093 1017 1156 δὲ
1049 1087 1124 1163 τούς
1140 1111 1252 1172 χειρω-

165 1197 322 1278 σαμόνους
332 1194 466 1276 Πέρσας
485 1192 761 1278 φιλοφρονηδῆναι
783 1190 963 1268 δεξιώσεσιν
984 1183 1108 1271 ἑτέραις
1129 1191 1254 1269 βασιλι-

166 1301 252 1369 καῖς·
297 1291 315 1356 ό
348 1291 383 1356 δὲ
415 1293 484 1356 οὐδ’
513 1284 593 1366 όλως
624 1291 800 1356 ε’πὲνευσεν.
851 1289 921 1353 ἐπεί
946 1290 982 1354 δὲ
1012 1288 1069 1352 καί
1092 1289 1126 1362 ἐς
1155 1285 1254 1352 adria

121 1391 304 1480 ιοέφδόκει
324 1387 380 1459 τόν
400 1389 582 1475 Πρόσακον,
600 1388 707 1471 βαλών
727 1391 796 1454 ἐκεῖ
809 1410 871 1454 που
893 1384 1079 1474 στρατήγιον
1099 1383 1178 1469 ἔγνω
1198 1390 1255 1450 τοῦ
1288 1397 1290 1409 *

166 1496 325 1581 φρουρίου
345 1491 462 1555 αότίιια
483 1485 713 1570 πειράσεσθαι.
754 1491 811 1554 καί
837 1479 878 1573 ἦν
900 1485 976 1572 ἔργα
997 1484 1075 1570 πρός
1092 1484 1257 1566 Ῥωμαίων

165 1593 337 1678 τηνικαῦτα
350 1586 526 1670 τελούμενα
542 1588 682 1652 κατιδεῖν
691 1591 821 1672 γέρατος
836 1585 889 1654 καί
900 1585 1064 1667 θαύματος
1075 1577 1160 1664 ἄξια·
1176 1583 1258 1668 ὑπὲρ

165 1690 227 1774 γὰρ
241 1691 372 1764 ἐλπίδας
385 1691 623 1772 διηγωνίσαντο.
634 1685 663 1750 οἱ
675 1684 808 1769 μὲνγὰρ
823 1690 951 1770 θυρεοῖς
964 1687 1020 1750 καί
1030 1693 1160 1768 γυμνοῖς
1173 1707 1258 1770 φρα-

167 1789 297 1870 ξάμενοι
316 1775 457 1871 ξίφεσιν,
479 1783 509 1848 ού
532 1786 568 1849 δὲ
587 1783 665 1860 τόξα
677 1783 733 1848 καί
743 1788 821 1872 βέλη
834 1787 981 1873 φέροντες
1004 1782 1078 1866 περὶ
1099 1781 1138 1848 τό
1162 1781 1353 1866 doda-may

124 1884 206 1969 εὸτη
231 1873 291 1950 τοῖό
308 1885 465 1970 φρουρίου
485 1877 696 1964 οἷνερριχιύντο
715 1883 881 1970 γεώλοφα,
902 1882 958 1948 καί
975 1889 1040 1958 τοῖς
1061 1879 1124 1944 eiad
1146 1881 1258 1961 τειχιόν

169 1987 226 2047 καί
251 1985 307 2064 τῆς
335 1975 435 2064 ἄκρας
461 1979 653 2060 μαχομένοις
678 1981 934 2063 ἕπεγχριλιτοντες
962 1977 1104 2061 ἔβαλλον.
1147 1967 1287 2056 dicitas,

169 2079 226 2145 κατ’
243 2077 325 2162 μετὰ
347 2074 487 2159 κάματον
511 2082 567 2143 κατ’
586 2075 684 2163 φόνον
710 2077 812 2145 πολύν
831 2082 1018 2163 ἑξέιροοσαν
1038 2077 1113 2154 τούς
1132 2075 1257 2160 βαρβά-

170 2202 249 2263 ρους
268 2180 327 2242 τού
347 2178 628 2260 προτειχίσματος,
655 2171 732 2263 όπερ
758 2175 974 2264 προφόλιιγμα
995 2178 1058 2240 τῶν
1078 2179 1177 2240 ἐκεῖσε
1198 2201 1258 2242 πυ-

171 2281 236 2342 λῶν
266 2274 486 2367 ἐπῳκοδόμητο
505 2281 627 2342 νεωστί.
679 2268 762 2360 ἦσαν
785 2280 814 2342 δ’
836 2279 867 2342 οδ
884 2279 938 2344 κατ’
958 2274 1011 2344 διό
1033 2277 1096 2340 ττόν
1114 2300 1258 2358 νρημνω-

125 2379 238 2442 αοδιόυ
255 2373 449 2456 α’νιμαόμενοι
477 2375 601 2440 όνόδων
624 2368 820 2460 ηἰιροβότονν
849 2377 893 2451 τός
914 2374 1060 2460 αἶ’γαγροι
1072 2425 1082 2456 ,
1104 2371 1260 2458 πειροόμε-

173 2500 222 2543 sos
239 2478 388 2559 γενέσθαι
402 2471 477 2539 εἴσω
497 2477 611 2557 τειχοῖν
629 2471 687 2540 καί
707 2473 788 2561 πρός
806 2475 907 2559 αότὴν
926 2475 984 2560 τὴν
1003 2466 1104 2560 ιῖνιριιν
1118 2469 1258 2554 duodon-

172 2583 256 2656 μεῖν.
298 2573 365 2638 ἀλλ’
387 2566 438 2638 ότε
454 2599 486 2638 τι
509 2574 658 2639 διανύσαι
678 2571 770 2659 ἔργον
790 2571 940 2662 ρλὴθησαν
959 2574 1117 2658 σωτήριόν
1136 2597 1168 2637 τε
1192 2569 1260 2652 ἅμα

173 2675 229 2738 καί
248 2673 432 2753 κάλλιπον,
463 2670 539 2750 τούς
561 2674 617 2738 ε’πί
641 2677 704 2738 τῶν
723 2675 838 2756 τειχῶν
860 2667 1074 2755 ἇμυνομὲνονς
1097 2669 1258 2754 τρεψάμε-

173 2793 223 2839 νοι
241 2769 296 2837 κατ’
314 2767 390 2835 εἴσω
403 2769 649 2854 σογιιλεόναντες,
668 2767 742 2836 τότε
762 2772 888 2846 είκαίως
907 2767 1147 2850 διαπονούμενοι
1165 2765 1260 2850 ἔγνω·

126 2876 251 2943 πᾶσαν·
294 2865 480 2956 αἰτήσαντες
507 2868 569 2957 γὰρ
591 2871 753 2948 σκαπόνας
783 2873 829 2945 εἰς
846 2867 905 2953 τὴν
925 2872 989 2934 ταῖν
1008 2864 1183 2950 περιβόλων
1204 2878 1287 2930 ιτα-Β

177 3107 223 3161 dei
242 3107 361 3160 cultores
383 3108 574 3177 imperatorem
601 3108 732 3160 obtestati
760 3113 823 3158 sunt
848 3122 883 3158 ne
909 3125 923 3158 a
948 3105 1044 3158 Tuscis
1071 3103 1194 3155 homines
1213 3104 1260 3172 qui

178 3177 295 3229 eundem
315 3177 396 3229 eleum
416 3179 509 3229 colant
526 3193 607 3248 quem
624 3195 675 3230 nos
693 3193 898 3240 veneraremur,
918 3177 1016 3228 abduci
1037 3174 1192 3227 ullomodo
1213 3190 1263 3242 pa-

177 3255 298 3310 teretur,
313 3265 350 3299 ne
368 3249 525 3316 religionem
544 3248 669 3300 abiurare
686 3251 772 3300 coacti
786 3247 866 3300 deum
888 3255 980 3298 contra
997 3263 1043 3297 eos
1062 3263 1077 3296 a
1095 3244 1195 3314 quibus
1214 3243 1264 3294 de·

178 3317 231 3367 diti
249 3326 340 3369 essent
356 3318 531 3387 instigarent3
551 3319 600 3369 sed
617 3319 724 3369 Blachis
742 3319 770 3369 in
782 3319 961 3369 Romanorum
979 3316 1089 3368 seruitia
1110 3315 1264 3366 distributis

177 3387 291 3451 Persae,
308 3389 357 3457 qai
375 3405 422 3440 eos
441 3389 593 3456 cepissent,
613 3388 675 3438 eliis
695 3388 885 3456 largitionibus
907 3388 1086 3457 placarentur.
1104 3403 1195 3436 uerum
1216 3385 1264 3436 ille

176 3458 261 3527 plane
289 3459 391 3522 renuit3
421 3466 450 3509 et
467 3457 561 3509 castris
583 3457 617 3508 ad
634 3459 776 3509 Prosacum
800 3459 898 3527 positis
919 3459 1011 3509 statim
1033 3457 1263 3526 oppugnationem

177 3535 286 3580 tentare
311 3528 441 3579 instituit.
468 3544 500 3578 ac
516 3527 629 3578 Romani
648 3545 731 3596 opera
763 3529 883 3581 edebant
900 3529 1020 3596 praemio
1041 3537 1068 3577 et
1084 3526 1264 3578 admiratione

179 3597 278 3666 digne,
295 3613 370 3666 spem
393 3613 499 3648 omnem
517 3598 658 3651 alacritate
671 3609 838 3668 superantes.
855 3616 917 3650 nam
938 3599 985 3649 alii
1005 3597 1099 3666 clipeis
1118 3605 1145 3648 et
1163 3599 1264 3650 strictis

179 3666 292 3719 ensibus
319 3669 435 3730 muniti,
465 3668 512 3720 elii
540 3685 617 3722 arcas
644 3677 673 3720 et
697 3671 808 3738 sagittas
836 3676 971 3738 gestantes
994 3671 1020 3720 in
1041 3668 1138 3720 arduos
1157 3667 1263 3719 castelli

178 3739 299 3791 tumulos
316 3738 485 3807 strepebant,
499 3747 528 3790 et
536 3739 674 3791 moenium
694 3739 850 3792 defensores
861 3741 924 3791 sacti
937 3741 1076 3810 propiores
1088 3738 1264 3810 impetebant.

180 3809 300 3881 denique
311 3818 374 3878 post
384 3811 569 3878 fatigationem
581 3819 610 3863 et
620 3809 730 3862 caedem
741 3812 853 3863 multam
870 3810 999 3863 barbaros
1008 3811 1160 3862 munitione
1171 3825 1264 3860 recens

178 3881 264 3950 portis
283 3879 401 3932 obducta
423 3880 595 3950 depulerunt.
621 3889 699 3933 erent
719 3883 801 3933 etiam
820 3883 867 3954 qui
888 3899 937 3952 per
961 3882 1124 3951 praecipites
1142 3881 1264 3933 tramites

179 3951 293 4003 fiinibus
311 3967 370 4002 sese
385 3952 559 4013 attollentes,
577 3959 605 4002 et
623 3953 653 4003 in
670 3952 784 4022 rupibus
805 3953 892 4005 instar
909 3969 1062 4022 caprearum
1083 3952 1265 4012 haesitantes,

179 4023 288 4074 moenia
309 4021 501 4073 transcendere
519 4031 548 4075 et
565 4023 595 4073 in
615 4023 702 4091 ipsam
719 4040 807 4075 arcem
826 4023 939 4076 eradere
956 4023 1118 4077 niterentur.
1136 4020 1184 4072 sed
1205 4035 1266 4070 cum

181 4091 427 4162 propugnatoribus
447 4092 596 4161 profligatis
624 4101 652 4144 et
672 4095 700 4144 in
720 4095 860 4147 castellum
882 4096 1025 4164 compulsis
1044 4109 1073 4146 se
1091 4108 1145 4145 rem
1164 4090 1267 4142 saluta-

181 4179 237 4214 rem
264 4172 292 4216 et
317 4163 528 4233 pulcherrimam
558 4164 707 4216 confecisse
730 4173 875 4238 putarent,
902 4174 960 4217 tum
978 4166 1086 4218 ‹lemum
1104 4161 1206 4214 laboris
1223 4159 1267 4210 sai

180 4235 328 4288 vanitatem
346 4234 550 4288 intellexerunt
567 4251 628 4288 nam
646 4251 707 4287 cnm
764 4253 830 4288 ones
848 4236 883 4288 ad
900 4237 1007 4290 moenia
1020 4231 1153 4289 diruenda
1172 4237 1268 4300 postu·
