3017 4892
402 349 605 414 rousuuns
636 349 866 416 conamus.
1129 326 1183 411 33

105 525 157 588 ρον
186 503 238 568 τὸν
264 498 388 586 θυρεὸν
419 492 544 583 διέχειν
565 498 641 566 etad
665 504 903 586 προβεβλῆσθαι
922 501 1000 568 κατὰ
1025 509 1104 567 uolo
1125 503 1185 566 sori

102 599 246 684 στόματος
266 601 454 686 ἀφεστῶτα,
485 597 561 684 ἔγνω
589 596 634 683 μὴ
665 602 799 664 ἐλινύειν
826 601 986 685 διακενῆς,
1007 605 1064 666 τοῦ
1083 605 1112 666 δ’
1127 597 1183 666 ode

102 699 201 766 delon
225 702 278 764 seui
307 697 396 780 μα’λα
425 700 613 762 καθικέσθαι
644 703 789 782 καιρίως,
812 694 874 764 εἶθ’
906 694 1004 776 οδτως
1021 707 1183 782 μετελθεῖν

100 801 158 866 τόν
182 803 327 880 πολέμιον
350 791 423 882 ὅπερ
451 797 583 874 οἷσαίδος
608 795 778 880 γενόμενον.
819 795 990 880 θαυμάσας
1010 800 1112 866 τοίνυν
1131 801 1184 866 εἰιι

78 905 171 974 5τοῖς
192 900 363 982 εἰρημένοις
393 897 516 971 τούτοις
538 893 555 960 δ
585 894 736 976 βασιλεὺς
759 899 893 982 δωρεαῖς
909 903 1070 982 μεγίσταις
1093 893 1183 984 η’μει-

100 1017 190 1080 ιμιιτο
215 994 269 1060 τόν
291 992 500 1078 Εδστριίτιον.
545 997 594 1080 (7)
621 997 670 1060 Ου’
690 999 805 1062 πολλαί
824 998 852 1060 δ’
872 995 988 1080 ἡμέραι
1008 1001 1181 1081 παρίσπευ-
1191 1011 1216 1063 Ρ.
1236 1021 1263 1078 ιη

101 1121 183 1179 σοιν,
214 1094 273 1159 καί
298 1092 469 1158 inondum
495 1096 538 1180 τῷ
556 1098 686 1174 βασιλεῖ
702 1093 755 1158 καί
774 1098 829 1182 βίᾳ
853 1098 1002 1161 ἐνδίδωσι
1023 1096 1077 1161 καί
1094 1101 1184 1161 τοῦτο

101 1193 134 1261 τὸ
158 1194 329 1281 φροόριον,
365 1194 420 1256 καί
440 1195 634 1287 συλληφθείς
655 1187 670 1256 ὅ
693 1197 932 1270 Κωνσταντῖνος
960 1194 1116 1278 α’πόγεται
1134 1197 1187 1258 δσ-

102 1295 282 1378 ρυόλωτος,
312 1289 433 1380 σιδήρῳ
458 1288 532 1366 rude
556 1289 655 1368 πόδας
685 1291 906 1376 σ’σφυλισθείς.
947 1290 1057 1358 ἔπειτα
1078 1295 1112 1358 δέ
1133 1297 1188 1360 καί

69 1397 178 1468 ιοναῧς
202 1392 334 1477 τριήρης
354 1393 463 1456 τοῦτον
483 1391 657 1472 εἰσδέχεται
686 1395 911 1474 κατενεχθέντα
936 1393 981 1470 είς
1000 1392 1183 1459 θάλασσαν·

102 1489 169 1574 ἥτις
186 1489 269 1574 μετσὶ
293 1488 407 1574 μικρὸν
429 1489 469 1554 τό
495 1485 627 1571 ἀπόγεια
651 1491 773 1556 λύσασα
794 1484 909 1573 ἤμελλε
931 1496 1110 1574 διακομίσαι
1131 1491 1185 1580 τόν

103 1593 266 1676 δεσμοέτην
287 1592 320 1666 ἐς
341 1589 377 1653 τό
389 1585 572 1666 Βυζάντιον.
593 1593 762 1672 τολμητίας
777 1592 807 1654 δ’
828 1577 874 1654 τόν
886 1594 942 1656 καί
951 1589 1144 1676 θερμουργὸς
1166 1589 1185 1654 ὅ

99 1693 274 1776 Ἀρμένιος,
287 1699 351 1764 τοῖς
364 1687 483 1774 φδλαξι
498 1685 608 1764 νυκτός
625 1690 816 1770 ἐπιθέμενος,
833 1691 994 1768 πλείστους
1010 1686 1102 1764 όσσυς
1115 1695 1184 1754 δια-

105 1789 289 1874 χειρίζεται,
312 1791 368 1852 καί
386 1789 448 1852 τῶν
474 1789 596 1865 δεσμῶν
616 1787 741 1864 οἶνεθείς
761 1786 903 1856 sinordis
923 1788 1081 1856 συνόντων
1098 1791 1186 1877 adrui

72 1885 474 1974 15θεροπευτηρωνφυγιὶς
496 1885 625 1970 οἴχεται,
679 1881 747 1951 ἀλλ’
770 1882 858 1952 admo
878 1892 1039 1972 νεωτέροις
1062 1886 1185 1970 έπεφόη

104 1987 284 2073 πράγμασι,
307 1991 363 2051 καί
381 1989 547 2069 συσχεθείς
569 1979 665 2062 αὖθις
687 1989 952 2070 καταπροδίδσται
970 1991 1104 2066 βασιλεῖ.
1192 2005 1212 2058 Β

184 2088 235 2154 Osi
251 2083 350 2169 μόνον
367 2089 402 2150 δέ
423 2082 503 2149 κατὰ
533 2084 590 2168 τήν
615 2081 733 2148 ἅλωσιν
753 2089 811 2148 τοῦ
830 2082 923 2149 Βακὰ
941 2089 1012 2165 μετ’
1032 2081 1185 2169 έργωδίας

107 2185 287 2268 όβασιλεδς
323 2187 503 2266 ε’κονίσατο,
532 2181 612 2248 α’λλό
638 2183 693 2248 καί
712 2182 792 2248 κατὰ
812 2183 870 2267 τὴν
892 2177 1089 2270 ’Λιόβαρζαν
1108 2183 1184 2267 πρό-

106 2310 188 2372 τερον
206 2294 340 2350 πλεῖστα
361 2280 521 2367 ἐμόγησεν.
563 2283 582 2367 ἦ
603 2281 664 2368 γὰρ
685 2280 773 2358 πόλις
795 2279 876 2367 αδτη
894 2279 1107 2368 κουροτρόφος
1129 2277 1184 2347 od-

70 2399 143 2451 ²⁰on
163 2384 220 2449 ιιαί
247 2385 512 2468 πολυάνθρωπος,
542 2384 687 2466 ἐρυμνοῖς
706 2406 738 2447 τε
769 2385 970 2466 διειλημμένη
991 2383 1109 2462 τείχεσι
1128 2389 1204 2448 καί.

107 2487 218 2566 πετρῶν
249 2477 417 2564 α’ποτόριων
447 2477 585 2566 ὕπερθεν
617 2481 786 2565 ἱδρυμένη,
809 2481 880 2545 τότε
897 2485 1019 2563 μᾶλλον
1041 2483 1220 2565 dapnis—v.
1236 2499 1269 2567 ,ρ

106 2584 196 2668 οτέριι
216 2587 376 2666 γεγένηται
390 2579 475 2666 παρὰ
491 2583 552 2646 τῶν
564 2580 608 2656 εἰς
629 2579 726 2663 adsis
746 2579 790 2656 ὥς
810 2581 855 2658 εἰς
875 2577 1089 2665 κρησφύγετον
1106 2606 1182 2644 συν·

108 2681 274 2762 ελθόντων,
306 2679 452 2746 ἁπάντων
473 2673 572 2745 ὄντων
593 2678 819 2765 καταφράκτων
838 2680 893 2745 καί
913 2682 1095 2764 κρουόντων,
1115 2682 1183 2744 ἑπι-

106 2783 288 2862 ιειχίσματα
306 2785 538 2864 προσειληφυῖα
557 2782 612 2844 καί
629 2788 787 2862 μηχαναῖς
813 2785 973 2852 παντοίαις
995 2782 1183 2861 διαληφθεῖ-

69 2873 151 2946 λ5σιι.
174 2877 327 2960 βασιλεῦς
344 2881 409 2958 μὲν
429 2873 487 2942 οὖν
509 2878 605 2960 μέρος
627 2879 683 2962 τῆς
704 2877 802 2941 edroi
831 2879 980 2960 στρατιᾶς
1004 2879 1183 2960 προπέπσμ·

167 3053 192 3105 5.
209 3047 348 3122 μεγάλαις
368 3049 397 3100 rl.
455 3047 497 3102 23.
515 3047 652 3118 φρακτῶν
669 3047 698 3099 Α.

108 3187 199 3238 nisum
219 3183 367 3253 perducere
388 3199 442 3235 nnn
465 3191 565 3252 posset,
584 3181 658 3252 quod
684 3183 707 3234 is
726 3182 843 3251 elipeum
862 3181 967 3249 corpori
986 3180 1181 3247 nou'applica-
1215 3243 1229 3251 ,Ι

105 3265 172 3315 tura,
192 3256 241 3307 sed
260 3255 429 3324 longiuscule
454 3262 586 3306 remotum
612 3253 739 3314 liaberet,
759 3254 880 3304 uelitisne
901 3253 999 3301 trustra
1017 3248 1178 3314 digladiari,

106 3343 131 3376 ac
148 3335 286 3392 gesumen
311 3325 397 3395 probe
424 3325 561 3392 tetigisse,
580 3331 662 3394 atque
683 3323 787 3376 irtinam
813 3322 917 3372 hostem
934 3321 1064 3370 inermem
1084 3319 1179 3372 eodem

105 3397 178 3447 mode
192 3406 301 3464 tangere
314 3397 454 3465 potuisset.
475 3397 620 3465 imperator
630 3393 700 3446 hane
720 3394 870 3444 orationem
883 3389 1039 3451 udruiratus,
1057 3391 1179 3444 maximis

105 3465 179 3518 donis
191 3468 355 3519 Eustratium
365 3475 546 3534 prosequutus
561 3475 609 3516 est.
645 3466 687 3536 (η)
703 3465 796 3515 Paucis
816 3459 913 3512 diebus
932 3469 1008 3528 post,
1026 3477 1057 3510 eo
1068 3478 1178 3532 quoque

103 3537 210 3588 castello
226 3537 252 3586 ei
271 3543 444 3606 expugnato,
465 3537 656 3588 Constantinus
674 3535 796 3604 captivus
816 3533 845 3582 in
864 3531 1038 3599 compedibus
1065 3531 1178 3584 abduci-

103 3616 150 3657 tur.
168 3606 268 3658 deinde
295 3609 323 3657 in
350 3609 486 3657 triremem
506 3608 642 3658 coniectus
670 3614 728 3666 eet,
746 3612 778 3656 ut
795 3602 950 3668 Bymntium
969 3602 1176 3671 pervehendum

105 3693 168 3746 quse
185 3695 245 3729 cum
264 3693 338 3728 oram
356 3677 499 3736 solvisset,
518 3677 597 3728 homo
616 3674 705 3726 audax
731 3682 760 3724 et
775 3673 933 3724 temerarius
951 3673 1075 3724 cristodes
1093 3683 1175 3725 nocta

105 3761 233 3814 aggressus
261 3748 392 3816 plurimos
421 3745 538 3806 oceidit,
567 3755 626 3798 eta
648 3746 704 3798 suis
721 3743 829 3794 famulis
847 3743 949 3794 solutus
968 3744 1030 3812 suga
1049 3743 1175 3795 elabitur.

105 3819 145 3868 sed
173 3819 331 3888 prinsquam
356 3818 434 3874 noeis
461 3816 541 3868 rebus
566 3815 703 3878 studeret,
729 3813 936 3886 comprehensus
960 3822 989 3866 et
1018 3814 1176 3882 imperatori

120 3889 216 3940 roditur
235 3897 285 3940 est.

104 3903 118 3954 p
163 3959 256 4030 Neque
277 3971 342 4012 vero
361 3955 447 4010 Bacae
465 3955 597 4009 duntaxat
609 3955 787 4026 expugnatio,
806 3953 853 4006 sed
888 3951 942 4006 rius
961 3952 1041 4006 etiam
1055 3952 1175 4004 Anabur-

102 4041 142 4079 ττι
160 4030 306 4098 plurimum
334 4027 499 4080 difficultatis
519 4027 623 4080 habuit.
646 4043 708 4078 nam
728 4041 759 4076 es
778 4023 841 4076 urbs
862 3971 1078 4094 llequentissime
1092 4023 1176 4075 'habia

102 4103 228 4162 tstnr‚·et
248 4103 276 4152 in
296 4100 451 4170 praeruptis
470 4101 521 4150 sita
540 4097 652 4166 rupibus
678 4094 796 4148 robustis
812 4095 955 4146 moenibus
974 4095 1098 4163 cingitur.
1117 4103 1175 4146 tum

100 4183 156 4220 sero
174 4174 255 4240 magis
275 4171 361 4224 etiam
389 4169 423 4218 ab
444 4169 477 4220 iis
494 4169 541 4238 qui
570 4183 597 4219 se
619 4183 651 4219 eo
669 4175 798 4236 tanquam
817 4165 844 4216 iu
866 4165 969 4232 asylum
988 4165 1174 4222 contulerant,

101 4253 184 4292 r-usnes
211 4241 379 4312 cataphracti
399 4245 426 4290 et
448 4238 498 4290 siri
526 4237 679 4302 fortissimi,
701 4235 800 4290 additis
820 4236 900 4288 etiam
920 4235 1127 4305 propugnaculis
1147 4242 1175 4286 et

143 4329 251 4384 mersas
272 4327 430 4383 ctoniaus.
966 4321 980 4369 3
