3017 4892
241 231 324 317 280
558 251 731 322 srcnrsn
760 247 993 318 cuosursn

239 403 507 492 συνεκπεπομφώς
538 397 604 470 οἷον
626 404 684 467 τοῦ
697 399 795 482 τόμσυ
808 401 1000 486 προοδευτῦς
1019 400 1075 466 καί
1084 403 1230 470 νεολαίαν
1249 428 1324 490 κρο-

238 511 353 574 τοῦσαν
376 507 414 572 τοὶ
446 507 645 588 γεγραμμένα
673 495 742 566 όσοι
772 504 828 585 τῆς
847 499 1021 585 συγκλήτου
1055 505 1173 588 βουλῆς
1192 506 1324 590 καὶτῆς

240 607 405 691 γερουσίοις
420 598 503 690 ἦσαν
531 601 717 688 κεφάλαιον,
743 600 800 665 καί
816 600 891 676 τοῦς
911 603 946 665 ἐκ
965 600 1200 691 γένουςὲκείνφ
1221 601 1325 687 λυγιό·

240 731 312 789 τητι
333 705 512 788 χαίροντας.
561 706 710 768 τοσοῦτον
741 703 777 765 δὲ
795 698 838 776 τό,
858 697 997 765 πιθανόν
1016 697 1035 764 ό
1056 698 1146 784 λόγος
1162 703 1325 784 ἐπλούτει,

242 805 300 866 οῦκ
321 805 355 867 ἒν
382 803 538 876 διδακτοῖς
559 797 735 880 πυεῦματος
763 796 1046 885 βριλδωνρἡμασιν
1073 796 1142 863 ἀλλ’
1163 802 1199 865 ἐν
1217 801 1351 865 asseret

242 901 358 988 σοφίας
377 899 579 986 ἀνθρωπίνης
599 903 705 984 κομῦν
715 949 726 981 ,
748 897 792 974 ὥς
820 903 938 984 μικροῦ
957 901 1023 964 δεῖν
1042 891 1247 986 ῦπαιωρῆσαι
1264 903 1325 966 τῦν

245 995 335 1066 ὤτων
354 999 399 1086 μὴ
422 1001 517 1080 μόνον
544 995 615 1065 ὅσον
638 997 774 1086 α’φεαόρα
798 995 878 1083 πρὸς
897 995 954 1084 τὴν
971 1002 1113 1083 ποικίλην
1132 997 1247 1064 τοῦτον
1270 1022 1326 1064 πε·

210 1099 373 1185 υριβολῆν
392 1103 448 1165 καί
465 1099 500 1165 τό
533 1101 663 1182 ἐπίχαρι
685 1101 742 1163 τοῦ
774 1097 993 1184 πτερώματος,
1012 1096 1094 1162 tut
1116 1101 1172 1163 καί
1192 1096 1326 1164 oderisi

243 1202 433 1282 μεταλλεῦον
452 1201 516 1263 reis
535 1201 761 1282 γεγραμμένων
779 1195 833 1262 τόν
853 1199 940 1262 νοῦν.
990 1199 1047 1261 καί
1066 1196 1140 1279 τάχ’
1160 1192 1201 1262 όν
1221 1188 1261 1282 ἦν
1281 1196 1326 1274 οῦς

244 1297 365 1384 α’ληθῆς
385 1296 462 1374 θεός
482 1298 685 1378 δοξαζόμενος
705 1295 722 1363 ὅ
745 1293 833 1382 παρὰ
853 1299 897 1384 τῷ
919 1296 1065 1379 Μωάμετ
1087 1292 1233 1363 ὁστισοῦν
1251 1301 1324 1382 utq-
1337 1321 1374 1364 ιο

244 1396 398 1482 ροῦμενος
430 1393 606 1484 όλόσφυρος
636 1393 729 1478 θεός,
756 1399 788 1462 σι’
815 1392 861 1480 μὴ
888 1394 1065 1480 ὁλοσχερῶς
1092 1393 1327 1483 ῦπατριόρχης

245 1496 381 1581 α’ντέβρ·
433 1489 506 1562 orire
536 1493 594 1581 γὰρ
616 1487 705 1572 οὗτος
725 1504 789 1571 τοῖς
809 1501 1023 1581 γραφομένοις
1044 1493 1099 1559 τόν
1119 1498 1194 1560 νοῦν
1213 1498 1327 1580 προσέ-

246 1619 362 1680 σχηκεν
384 1589 428 1671 οῦς
447 1596 611 1680 ἐπισφαλῆ
628 1597 684 1669 καί
701 1599 759 1660 νέα
780 1589 982 1680 ἐπεισάγουσι
1001 1591 1158 1677 δόγματα,
1177 1596 1233 1659 κατ’
1252 1590 1328 1670 τοῦς

246 1694 375 1768 λοιποῦς
397 1696 433 1758 δὲ
464 1695 509 1770 οῦς
539 1691 759 1778 δηλητηρισόδιγ
788 1696 889 1758 ταῦτα
921 1692 1110 1778 ὑφορᾶσθαι
1128 1694 1326 1775 παρέπειθεν.

246 1791 264 1857 ὅ
286 1797 322 1858 δὲ
342 1789 448 1877 τόσπερ
469 1817 501 1857 τι
523 1791 626 1859 δεινόν
644 1789 809 1867 πεπονθός
833 1785 984 1857 ὀνείδεσιν
1005 1788 1116 1856 ἔπλυνε
1133 1789 1376 1878 serissime-15

246 1901 335 1978 ρεῖς,
358 1896 414 1957 καί
432 1891 525 1974 μωρὰ
544 1895 601 1957 τοῦ
621 1891 739 1974 κόσμου
760 1891 893 1968 τούτους
912 1889 1083 1974 ω’νόμαζεν,
1104 1883 1206 1966 ἄλλως
1218 1913 1253 1956 τε
1274 1895 1329 1958 κατ’

246 1988 325 2080 νόσιρ
345 1987 417 2056 τότε
437 1994 663 2076 προσπαλαίων
683 1993 771 2079 δεινῇ
780 2041 790 2072 ,
811 1991 870 2077 ὑφ’
890 1983 930 2075 ἧς
949 1990 1005 2054 καί
1019 1987 1073 2054 τόν
1089 1991 1159 2073 βίον
1177 1982 1328 2074 dubitus,

247 2093 302 2154 καί
317 2091 462 2173 ε’πῖχολος
480 2091 625 2156 ἐντεῦθεν
636 2087 806 2173 γενόμενος.
833 2085 949 2153 σι’κοῦν
963 2083 1025 2153 ὅσα
1036 2092 1082 2177 τῷ
1093 2090 1232 2176 προτίρρι
1243 2087 1330 2176 τόμρ

247 2185 517 2269 ε’μπλατονόμενος
536 2186 669 2274 εἴρηκεν,
688 2181 905 2275 όπηρτισμίνργ
923 2188 1104 2275 κατασκευῇ
1116 2184 1331 2268 κατ’μεθόδοις

248 2282 426 2370 ῥητορικοῖς
436 2279 643 2371 χρησόμενος,
664 2288 766 2352 ταῦτα
787 2284 941 2368 ε’πιτεμιόν
962 2284 1017 2350 καί
1034 2283 1071 2351 τό
1093 2286 1153 2350 τοῦ
1172 2284 1328 2368 δόγματος
1335 2312 1376 2354 ao

152 2404 177 2459 ρ,
192 2403 239 2474 ,ρο
249 2378 344 2459 αὖθις
362 2384 504 2469 περιθείς
524 2387 636 2471 δέλεαρ
658 2387 767 2471 ἓτερον
793 2383 888 2465 τόμον
910 2387 1057 2462 Ridere„
1089 2382 1146 2449 καί
1163 2383 1234 2450 ἐπεὶ
1255 2379 1328 2448 ἔτυ-

247 2505 288 2564 χε
309 2479 379 2547 τότε
399 2491 463 2558 τοῖς
483 2481 563 2549 κατὰ
585 2481 734 2564 Δόμαλιν
761 2485 899 2570 α’ρχείσις
915 2483 1171 2565 ἕναυλιζόμενος,
1193 2480 1329 2546 &Exeu-

146 2593 149 2602 ’
250 2579 357 2664 κόριον
382 2579 603 2668 όνομόζονταιξ,
630 2579 685 2668 τὴν
714 2586 774 2648 τοῦ
806 2579 899 2668 όὲρσς
926 2582 1100 2667 εὐκρασίαν
1128 2579 1330 2666 μεταδιώκων

323 2766 348 2820 δ.
366 2763 397 2818 τδ
416 2768 608 2840 anteposuit.
624 2765 704 2836 vulgo
723 2766 808 2822 deest
881 2783 921 2823 ιο.
937 2767 1052 2835 δληδιῖς
1068 2770 1099 2822 Δ.
1186 2782 1228 2824 τι.
1248 2767 1330 2839 ἔτυχε

323 2836 378 2890 add
395 2837 425 2889 t.
510 2851 554 2890 aa.
573 2839 787 2912 ἐναυλιζδμινος
803 2853 848 2891 om
861 2839 893 2891 Δ.

254 3007 343 3059 notari
361 3009 434 3077 passi
452 3015 550 3059 essent.
567 3014 596 3060 et
612 3007 642 3060 id
661 3008 799 3064 decretum
822 3009 853 3061 in
871 3025 948 3062 uero
963 3009 1066 3078 palatio
1086 3008 1197 3078 publice
1215 3008 1331 3060 recitan-
1365 2999 1375 3018 ⁹

255 3078 320 3129 dum
338 3087 428 3141 curat,
445 3078 614 3148 principibus
631 3088 740 3132 senatus
759 3087 788 3133 et
805 3081 925 3148 cognatis
943 3081 999 3131 suis
1017 3080 1169 3130 litterarum
1187 3077 1332 3141 studiosis,

255 3151 302 3218 qui
328 3149 414 3200 veluti
442 3151 513 3201 viam
539 3158 732 3218 praepararent
759 3157 843 3219 atque
862 3149 1076 3220 applauderent,
1093 3149 1254 3218 praemissis.
1273 3154 1332 3200 erat

255 3227 345 3270 autem
364 3220 451 3270 oratio
477 3219 546 3270 adeo
574 3219 744 3288 probabilis,
768 3237 823 3270 non
841 3220 1023 3288 spiritualium
1041 3219 1184 3270 verborum
1201 3219 1332 3286 gravitate

255 3289 303 3340 sed
321 3289 455 3341 huruanae
476 3290 627 3358 sapientiae
644 3292 787 3352 suavitate,
805 3299 836 3341 ut
853 3293 931 3342 aures
950 3308 1004 3342 nou
1027 3306 1119 3342 eorum
1135 3289 1267 3340 duntaxat
1283 3289 1331 3358 qui

254 3361 354 3411 sariam
372 3363 431 3412 eius
461 3362 684 3430 compositionem
714 3369 743 3412 et
762 3361 906 3410 iucundam
925 3362 1069 3412 vanitatem
1086 3359 1262 3428 spectabant,
1284 3357 1333 3409 sed

254 3445 349 3482 eorum
367 3433 449 3482 etiam
467 3433 514 3499 qui
531 3433 617 3500 ipsius
638 3431 732 3500 scripti
749 3433 912 3482 senteutiam
933 3430 1116 3499 indagabant,
1137 3428 1333 3498 propemodum

256 3517 398 3566 suspensos
417 3509 530 3552 teneret.
551 3519 581 3552 ac
601 3502 714 3554 forsitan
738 3502 797 3552 veri
815 3501 860 3552 dei
878 3502 962 3570 gioria
979 3501 1185 3552 Machometano
1202 3498 1245 3550 iili
1264 3499 1334 3561 deo,

256 3569 380 3637 quisquis
400 3576 449 3632 est,
466 3571 521 3621 nisi
542 3571 694 3640 patriarcha
712 3578 823 3623 strenue
844 3571 998 3624 adversatus
1016 3588 1068 3622 nee
1087 3572 1145 3640 ipse
1162 3569 1192 3621 id
1204 3570 1334 3639 scriptum

257 3647 394 3702 curasset,
415 3655 470 3706 quo
488 3657 557 3690 nora
586 3651 614 3693 et
629 3642 783 3710 periculosa
806 3641 930 3709 dogmata
947 3641 1201 3704 introducerentur,
1227 3649 1256 3691 et
1272 3655 1333 3690 eae-

256 3717 344 3770 teros‚
374 3717 406 3759 ut
431 3708 460 3760 id
487 3719 616 3779 tanquam
634 3727 767 3764 venenum
792 3722 945 3781 suspectum
964 3712 1111 3774 haberent,
1131 3712 1289 3763 monuisset.
1305 3716 1337 3760 at

257 3781 421 3848 imperator,
448 3781 526 3846 quasi
550 3783 622 3846 gravi
641 3786 752 3834 effeetus
779 3783 895 3845 iniuria,
913 3783 1054 3851 pontifices
1072 3783 1201 3837 conviciis
1218 3781 1335 3832 insecta·

258 3849 340 3900 batur
357 3856 385 3899 et
403 3849 525 3900 homines
546 3852 666 3903 omnium
685 3852 840 3906 mortalium
858 3853 1032 3904 stultissimos
1050 3853 1215 3922 appellabat,
1232 3851 1336 3920 quippe

259 3935 291 3968 ex
311 3919 405 3969 morbo
424 3921 587 3986 gravissimo,
606 3924 654 3991 qui
675 3923 787 3976 exitium
808 3923 832 3972 ei
851 3924 953 3984 attulit,
972 3925 1084 3992 pronior
1100 3923 1134 3975 ed
1153 3923 1219 3973 iram
1240 3923 1335 3971 faetus.

257 3989 374 4058 proinde
392 3990 426 4040 iis
445 4006 516 4058 quae
534 3990 623 4059 priore
641 3991 750 4044 decreto
780 3994 880 4056 fusius,
898 3995 1025 4061 oratoriis
1045 3993 1211 4045 ornamentis
1228 3989 1336 4042 adhibi-

258 4059 309 4118 tis,
329 4060 485 4128 scripserat,
503 4061 530 4112 in
549 4063 737 4130 compendium
763 4063 880 4116 redactis
905 4073 934 4116 et
953 4063 1085 4132 dogmatis
1103 4061 1240 4115 iiiecebris
1258 4061 1338 4112 ador·

258 4129 350 4197 uatis,
374 4130 449 4188 aliut
479 4131 618 4189 decretum
643 4133 830 4208 promulgavit
858 4151 919 4189 cum
940 4143 1031 4190 auteur
1058 4143 1117 4189 tum
1133 4135 1163 4190 iu
1180 4133 1285 4208 palatio
1301 4129 1338 4193 st
