3017 4892
381 227 653 298 nutriuntur
687 230 884 300 σουυευο
914 235 990 300 un.
1010 238 1078 300 vu.
1178 236 1264 326 ²79

182 377 444 460 βλασφημεῖσθαι
456 370 537 453 όλοος
548 372 634 444 θεόν.
654 377 769 444 οάκοόν
780 376 970 468 μιτάκλητσν
982 381 1089 471 τιθησι
1101 383 1156 450 τόν
1173 388 1269 470 μέγιθ

182 497 259 539 στον
277 471 457 556 Θεοδόσιον,
479 473 515 550 ὃς
537 477 637 541 διεῖπε
657 482 827 561 τηνικαῦτα
844 483 902 547 καί
919 479 1045 565 έκόσμει
1063 480 1180 568 θρόνον
1208 482 1266 552 τόν

183 572 377 656 πρώτιστον,
399 574 456 638 καί
474 579 536 639 retr
562 573 643 640 κατά
664 575 722 661 την
745 578 837 643 πόλιν
855 577 1073 666 ένδημοόντοιν
1090 582 1266 668 ἀρχιερέων

183 671 260 750 τοός
288 669 370 761 λόγφ
400 676 455 738 καί
474 674 573 763 ἀρετῇ
584 677 827 762 διαπρέποντας,
845 681 900 742 καί
920 682 1080 747 κοινοῦται
1092 679 1213 758 τούτοις
1226 679 1264 747 τό

154 773 307 853 5σκέμμα
319 778 388 852 μετ’
404 768 544 856 όγκηράν
557 775 763 859 προιισοδίοιν
776 777 831 862 τῆς
845 775 1038 854 ἀποθέσεως.
1060 779 1266 859 ἀνανεάοντας

184 871 221 933 δὲ
238 866 356 944 πάντας
373 866 478 956 εόροόν
491 873 547 936 καί
561 873 637 957 μηδ’
649 865 760 956 άκροις
777 877 1057 960 παραδεχομένους
1077 877 1138 944 οόσί
1146 875 1186 944 τά
1199 879 1265 945 ele-

182 969 342 1053 ηγοάμενα
375 965 420 1044 τάς
449 967 607 1056 ἀπόφημσ
626 969 682 1036 καί
700 975 757 1056 τῆς
776 976 821 1050 εἰς
839 971 917 1040 θεόν
936 969 1153 1062 άληθτστάτης
1174 973 1264 1061 δόξης

182 1063 352 1151 ἀπάγοντα,
377 1069 605 1152 ἐξηγουμένους
624 1071 660 1136 δὲ
674 1074 834 1157 θεοφιλῶς
853 1070 888 1138 τό
909 1075 955 1148 τίς
973 1069 1147 1139 σκάνδαλον
1169 1077 1267 1159 δῆθεν

124 1165 132 1170 ’
159 1253 162 1258 Ι
182 1170 239 1232 καί
256 1159 443 1251 πρόσκομμα
462 1171 612 1251 κείμενον,
633 1171 687 1234 καί
699 1171 938 1257 διασαφοῦντος
954 1169 1000 1257 μη
1020 1167 1100 1250 όλοος
1115 1171 1193 1240 θεόν
1210 1174 1266 1238 ου’-

138 1267 280 1352 ιορανοῦ
298 1267 354 1330 καί
373 1267 432 1350 γῆς
449 1263 580 1354 ποιητὴν
594 1266 898 1351 καθοποβάλλεσθαι
911 1270 1088 1355 ἀναθέματι
1111 1270 1193 1338 ἀλλά
1212 1271 1293 1339 τάνυ

182 1362 269 1449 παρά
291 1365 337 1452 trgi
348 1361 432 1454 λήρῳ
450 1367 505 1430 καί
522 1364 880 1452 δαιμονιτόδειΜωάμετ
900 1367 1172 1454 ἀναπλαττόμενον
1191 1367 1264 1436 όλό.

181 1485 305 1550 σφυρον
329 1461 408 1529 θεόν
434 1463 491 1529 καί
508 1464 590 1550 μήτε
614 1468 800 1551 γεννηθέντα
832 1467 912 1554 μήτε
936 1469 1129 1557 γεννήσαντα
1161 1471 1262 1557 (παρά

179 1567 389 1645 Χριστιανοῖς
417 1563 479 1645 μὲν
504 1562 565 1650 γάρ
590 1561 778 1645 δοξάζεσθαι
805 1571 926 1652 πατέρα
945 1565 1143 1653 θεόν,αάτά
1166 1572 1202 1634 δὲ
1224 1568 1264 1636 τά

180 1659 343 1746 ἀπόβλητα
371 1665 430 1726 τοῦ
449 1661 598 1744 Μαάμετ
626 1667 793 1750 ληρὴματα
819 1670 914 1733 τοῦτο
935 1666 1145 1755 ἀπαγορεόειν
1163 1664 1260 1744 όλας·

137 1761 234 1828 τΞκαί
254 1753 358 1836 άλλως
380 1763 415 1826 δὲ
433 1759 478 1846 μή
494 1765 633 1829 συνιέναι
647 1759 785 1850 ἀκριβῶς
803 1764 908 1832 ὁποῖόν
926 1769 961 1833 τί
975 1769 1045 1837 ἐστι
1063 1765 1100 1833 τό
1122 1764 1263 1853 όλόσφυ·

178 1867 273 1950 ρον),
304 1855 421 1937 αότοός
453 1863 511 1944 μὲν
542 1865 712 1949 φθινύθειν
737 1859 844 1930 εἴασεν
863 1867 898 1931 έν
926 1866 1076 1950 στήθεσιν
1094 1864 1178 1949 ἔχων
1191 1863 1264 1932 νόον

178 1959 350 2046 ἀκήλητον,
370 1965 444 2025 καθ’
462 1953 577 2026 ἔαυτόν
596 1964 627 2026 δ’
640 1961 786 2046 ἐκτίθησι
798 1961 914 2046 τόμον,
933 1964 1104 2050 άπουργσῖς
1125 1967 1171 2040 είς
1191 1965 1262 2030 voi·

176 2083 212 2125 το
222 2057 422 2145 χρησάμενος
437 2059 494 2138 σάς
513 2054 587 2148 ᾔδει
607 2063 672 2127 τόν
691 2063 726 2128 εἰι
743 2063 798 2146 τῆς
814 2065 979 2145 βασιλείου
997 2065 1097 2147 αι’λῆς
1115 2060 1171 2129 τόν
1191 2087 1261 2130 και

178 2157 238 2243 ρόν
267 2155 489 2235 κολακεόοντας
516 2163 573 2225 καί
593 2159 688 2244 λόγου
705 2163 910 2243 μετέχοντας,
930 2156 1185 2247 όπτρηγοροόντα
1201 2166 1262 2244 μὲν

132 2259 234 2343 τοτῆς
254 2260 314 2323 τοῦ
330 2257 477 2342 Μοιάμετ
495 2260 693 2345 μωρολογίας
714 2259 768 2346 (ud
785 2257 846 2345 γάρ
867 2254 909 2325 ἀν
929 2257 1049 2343 εἴποιμι
1068 2263 1259 2348 θεολογίας),

179 2353 417 2440 καθαπτόμενον
444 2361 481 2424 δὲ
513 2361 665 2443 λαμπραῖς
694 2363 758 2426 uir
774 2356 930 2444 πρότερον
947 2363 1103 2441 βασιλέων
1123 2361 1179 2424 καί
1186 2362 1287 2447 ,sedec

178 2458 214 2521 ἐκ
233 2459 290 2522 τοῦ
323 2453 496 2541 καταλόγου
528 2462 587 2524 τοῦ
605 2457 693 2544 ἱεροῦ
720 2457 765 2535 τός
796 2460 931 2541 ἀμαθῶς
950 2459 1005 2522 καί
1024 2460 1258 2545 ἀπερισκέπτως

178 2557 376 2641 ἀνεχομένων
406 2555 467 2622 άπὸ
490 2556 636 2639 ἀνάθεμα
666 2559 816 2625 τίθεσθαι
834 2556 912 2622 θεόν
929 2555 985 2624 τόν
1001 2557 1164 2643 ἀληθινόν.
1203 2562 1260 2624 καί

176 2657 284 2721 τοῦτον
303 2659 349 2742 εἰς
366 2653 473 2742 κοινὴν
493 2657 646 2744 ἀκρόασιν
667 2657 721 2724 ε’πί
742 2660 805 2725 τεόν
824 2656 919 2743 ἱεράν
936 2655 1074 2744 ἀρχείων
1090 2658 1257 2739 ε’κδιδιισι,

247 2824 454 2898 renuuntque
474 2825 505 2877 Α.
532 2873 535 2880 .

178 2995 286 3051 cunque
310 2978 412 3032 offendi
437 2979 590 3049 Agerenoe,
614 2981 663 3050 qui
693 2979 820 3050 adplene
837 2985 958 3033 nostrum
977 2976 1137 3048 religionem
1158 2975 1259 3030 delice-

178 3060 246 3104 rent
273 3050 388 3120 proinde
414 3051 531 3102 maximo
556 3048 713 3103 Theodosio
745 3049 891 3114 accersito,
921 3049 971 3119 qui
997 3049 1147 3118 principem
1164 3048 1257 3102 eedem

177 3122 290 3174 curabat
309 3130 392 3192 utque
417 3120 545 3185 ornnhut,
566 3117 597 3172 et'
610 3119 745 3190 primariis
770 3120 979 3182 sacerdotibus,
997 3119 1121 3188 quitum
1138 3118 1168 3169 in
1187 3118 1258 3171 urbe

178 3200 256 3256 erent
274 3192 433 3262 eloquentia
460 3201 489 3242 et
510 3191 611 3245 virtute
637 3199 821 3260 praestantes,
848 3191 1036 3261 quaestionem
1062 3205 1124 3238 eum
1150 3188 1257 3240 tumido

177 3263 289 3314 exordio
306 3263 442 3332 proponit
461 3263 510 3332 qui
533 3279 593 3312 cum
619 3278 713 3316 omnen
730 3262 945 3331 refragarentur,
962 3275 1014 3310 nee
1029 3257 1088 3308 ullo
1105 3257 1186 3309 modo
1206 3259 1257 3310 itta

177 3333 354 3386 admitterent
371 3342 403 3384 ut
431 3331 548 3384 absurda
569 3339 598 3383 et
616 3349 632 3382 a
647 3349 710 3385 vera
735 3331 770 3382 de
788 3333 840 3384 deo
859 3331 995 3384 sententie
1015 3327 1197 3393 abducentin,
1214 3337 1258 3383 at-

176 3421 231 3473 que
248 3403 392 3456 anathema
411 3403 481 3454 illud
493 3403 649 3454 offensionis
667 3404 778 3523 Plenum
790 3404 835 3472 pie
853 3401 1021 3470 explicarent
1038 3397 1101 3470 (nee
1117 3399 1189 3451 enim
1207 3399 1257 3454 de-

176 3491 221 3526 um
235 3475 305 3526 caeli
322 3483 350 3525 et
364 3482 452 3527 terrae
470 3473 637 3526 conditorem
648 3491 665 3522 u
679 3474 706 3524 lo
722 3472 804 3523 modo
815 3471 988 3524 anathemate
1005 3470 1104 3533 notari,
1121 3470 1169 3522 red
1176 3470 1257 3523 holo-

176 3545 304 3612 epityrum
322 3545 401 3595 illum
421 3544 517 3604 deum,
537 3560 620 3614 quem
637 3543 738 3596 delirus
758 3550 787 3594 et
804 3543 922 3595 inrioeue
940 3541 1125 3594 Machometue
1141 3558 1193 3594 nec
1208 3557 1258 3612 ρο-

176 3617 264 3668 nitum
293 3631 345 3666 nee
375 3615 528 3684 gignentem
552 3614 731 3683 contingeret:
750 3629 813 3664 nam
833 3612 906 3682 apud
926 3612 1092 3665 Christirnos
1110 3611 1191 3663 deum
1207 3629 1258 3682 pn-

175 3693 244 3737 trem
263 3685 403 3750 celebrari,
424 3685 499 3756 quod
518 3685 685 3737 detestandis
696 3683 862 3736 Machometi
878 3684 1047 3753 nugamentie
1064 3683 1145 3753 plane
1162 3683 1260 3752 prohi-

175 3755 280 3808 bentur.
297 3755 397 3808 deinde
417 3773 445 3808 se
466 3774 521 3807 non
542 3757 607 3808 eatis
632 3756 787 3824 intelligere
807 3754 876 3824 quid
893 3755 930 3807 rit
946 3754 1017 3807 illud
1035 3753 1260 3825 holoepltyrum),

175 3827 216 3898 eis
232 3828 322 3878 unimo
340 3827 410 3878 nihil
422 3827 543 3894 mitigato
561 3828 737 3894 contemptis,
755 3834 851 3896 tuapte
863 3826 1041 3889 auctoritate,
1061 3833 1090 3876 et
1108 3824 1259 3876 aulicorum

175 3899 358 3960 eruditorum,
377 3915 445 3966 quus
466 3898 582 3968 tempori
599 3897 698 3948 servire
715 3904 804 3959 noret,
820 3895 980 3959 ministerio,
1001 3896 1138 3947 decretum
1157 3910 1259 3963 propo-

175 3967 233 4030 nit,
253 3985 308 4036 quo
328 3976 357 4020 et
377 3969 542 4020 Machorneti
561 3968 687 4019 delirium
712 3970 771 4031 (cur
791 3967 864 4019 enim
885 3967 1048 4036 theologiam
1069 3965 1190 4033 dicanti)
1208 3962 1258 4014 de-

174 4038 340 4090 fendebatur
370 4045 399 4090 et
415 4040 566 4106 superiores
591 4039 768 4108 imperatorer
796 4055 986 4107 sacrorumque
1004 4036 1141 4089 antistites
1163 4042 1261 4103 uperte

175 4108 354 4173 turbantur,
371 4109 421 4179 qui
441 4107 522 4166 deum
541 4125 634 4167 rerum
662 4108 799 4164 inerudite
819 4117 847 4163 et
864 4107 1065 4163 inconsiderate
1081 4103 1260 4160 anathemate
