3017 4892
744 331 920 394 tranem

289 483 400 538 dronici
423 482 567 546 minister,
595 481 715 538 uolubili
737 482 857 555 quadam
871 498 964 537 rerum
979 479 1174 536 vicissitudine
1193 495 1307 536 eversus
1323 499 1375 537 es-

289 566 420 610 caeeatur
454 570 502 604 ιι.
818 559 824 572 ’

357 553 682 678 Ln.1(1.)endronteas
705 623 808 678 Siculis
837 620 994 675 victoribus
1026 637 1125 692 parum
1145 621 1277 692 feliciter
1302 625 1373 677 resi·

286 695 335 746 stit
352 695 399 764 (s).
448 691 577 747 Eiusdem
600 707 753 764 apparatus
776 690 816 745 ad
837 693 1003 762 Cpolr'tanae
1024 692 1121 752 urbis,
1144 711 1228 763 quarn
1247 693 1375 748 obsidere

286 764 444 834 cogitabant
462 765 569 825 Siculi,
594 762 787 833 defensionem.
811 763 998 833 negligentia,
1023 761 1125 824 lusus,
1153 763 1307 828 satellites,
1326 783 1375 818 ca·

285 836 345 896 nis,
364 832 515 887 crudelitas
531 832 686 887 Andronici
703 834 749 903 (2).
789 833 894 886 Contra
917 829 1036 884 eiusdem
1054 831 1216 897 praeclarae
1234 833 1374 905 quaedam

283 905 403 956 virtutes
419 917 627 976 proponuntur,
647 921 739 972 nempe
757 903 915 972 benignitas
936 902 968 952 in
984 917 1118 972 pauperes
1137 915 1163 954 et
1180 905 1225 954 rei
1239 904 1374 972 publicae

187 981 191 988 '
283 990 352 1026 cura
371 973 419 1044 (3)
456 977 559 1027 Gravis
576 975 669 1026 oratio
686 973 843 1026 Andronici
865 971 899 1024 de
915 972 1108 1041 imperatorum
1128 972 1303 1041 negligentia
1321 975 1372 1044 (l).

282 1044 422 1096 sever-tras
439 1043 595 1098 Andronici
617 1043 820 1113 naufragorum
838 1042 1027 1094 incolumitati
1042 1041 1169 1094 consulit.
1184 1044 1249 1094 alia
1267 1061 1374 1096 meme·

283 1111 377 1165 randa
396 1115 428 1164 in
446 1115 489 1166 rei
503 1115 631 1185 publicae
655 1113 795 1166 commoda
817 1111 939 1165 ordinat
966 1127 1070 1181 aequus
1095 1122 1135 1162 est
1154 1110 1292 1174 subditis,
1322 1131 1373 1166 eo-

284 1199 399 1254 rumque
416 1201 589 1252 oppressores
605 1185 711 1236 multat.
729 1182 872 1235 doctorum
893 1199 990 1235 amant
997 1219 1009 1244 ,
1027 1178 1077 1232 sed
1091 1178 1326 1250 disputationibus
1335 1182 1372 1237 dt

284 1253 422 1321 religione
438 1255 562 1322 infensus
582 1253 628 1323 (5).
664 1253 818 1306 Saturnino
841 1249 998 1305 Andronici
1013 1262 1115 1303 statua.
1133 1253 1169 1301 irn
1214 1255 1269 1305 'nes
1286 1256 1375 1324 impe·

281 1323 399 1374 ratricis
415 1341 497 1396 quarn
514 1322 700 1394 suffocaverat
717 1340 770 1376 cur
784 1323 1033 1394 transformaverit.
1051 1321 1176 1390 ternplum
1220 1322 1241 1372 1,
1261 1337 1373 1391 marty·

280 1408 341 1443 rum
359 1392 509 1453 instaurat,
531 1406 558 1445 et
576 1395 670 1446 exiliis
685 1395 743 1446 suis
760 1395 903 1463 gloriatur
910 1395 958 1456 (6).
995 1388 1111 1442 Crudele
1127 1389 1288 1446 Andronici
1302 1409 1371 1446 con·

281 1461 373 1512 silium
391 1459 424 1514 de
442 1461 572 1516 tollendis
593 1463 719 1516 omnibus
741 1463 932 1515 seditiosorum
954 1461 1088 1530 cognatis.
1103 1462 1255 1513 universae
1272 1454 1372 1515 'eorum

272 1529 408 1600 firmiliae
423 1530 640 1586 condemnantur
650 1535 696 1602 (7),
731 1532 828 1586 Edicti
844 1531 964 1584 crudelis
976 1529 1117 1582 exordium
1128 1543 1155 1581 et
1170 1547 1275 1583 summa
1291 1532 1370 1585 eius-

279 1598 338 1652 dem
351 1603 512 1672 eaagitatio.
525 1605 641 1656 Manuel
651 1601 806 1656 Andronici
810 1603 895 1668 filius
904 1601 993 1654 edicto
1002 1601 1164 1671 refragatur
1172 1601 1222 1670 (8)-
1238 1604 1374 1672 impietae

279 1668 436 1724 Andronici
450 1669 489 1724 ad
499 1673 738 1743 Engastrimytlsos
748 1673 909 1725 daemonum
925 1687 1021 1724 servos
1030 1669 1165 1731 abeuntis,
1176 1682 1206 1722 ut
1226 1688 1372 1725 successo-

278 1757 335 1794 rem
344 1754 441 1795 nossst.
450 1743 519 1794 mali
528 1745 605 1812 genii
616 1757 708 1796 oestro
716 1747 838 1812 percitus
850 1743 951 1793 malurn
960 1741 1104 1792 imminens
1112 1740 1222 1791 minime
1231 1739 1310 1794 videt
1320 1743 1372 1811 (9)

201 1827 207 1844 ·
276 1811 584 1881 ilagiocltristopltprita
604 1809 667 1866 dum
687 1814 820 1882 Angelum
844 1811 982 1866 isaacium
1007 1809 1134 1864 occidere
1156 1807 1264 1874 studet,
1290 1813 1371 1864 occi-

278 1877 376 1934 ditur:
401 1883 529 1936 isaacius
553 1895 642 1935 autem
668 1885 700 1935 in
726 1884 825 1953 templo
854 1899 904 1952 sup
922 1882 968 1933 lea
992 1880 1121 1951 populum
1146 1881 1273 1932 cantitat
1296 1881 1368 1952 (ιο).

279 1948 447 2004 Seditionem
466 1953 641 2022 comprimere
658 1951 721 2004 dum
739 1951 830 2004 studet
846 1957 871 2002 A
910 1952 1034 2014 ronieus,
1055 1946 1188 2002 accendit
1224 1949 1371 2005 lebannes

277 2019 372 2074 Ducat
388 2019 504 2092 fnestra
531 2022 615 2074 ambit
642 2024 801 2094 imperium:
826 2037 891 2073 nam
915 2021 1042 2074 isaacius
1068 2019 1188 2087 Angelus
1212 2020 1372 2090 imperator

278 2087 460 2158 designatum
482 2090 554 2144 unde
571 2091 726 2145 Andronici
741 2093 813 2163 suga
830 2094 854 2151 (ι
864 2091 897 2159 ι).
931 2091 1072 2143 Palatium
1087 2107 1106 2140 a
1119 2089 1197 2159 plebe
1215 2085 1368 2160 direptum:

276 2159 428 2229 eaptivitas
444 2159 616 2223 Andronici,
635 2163 686 2234 qui
703 2161 899 2213 miserabiliter
915 2161 1072 2228 exagitatus
1085 2176 1104 2210 a
1122 2158 1199 2227 plebe
1211 2159 1368 2228 Cpolitana

275 2229 456 2280 atrocissimis
475 2231 646 2282 cruciatibus
665 2229 804 2282 occiditur
818 2231 884 2297 (ro).
921 2229 1077 2281 Andronici
1096 2228 1206 2297 elogia,
1225 2231 1370 2284 uaticini-

277 2312 339 2362 um,
355 2299 514 2368 sepultura,
533 2309 560 2352 et
578 2297 612 2352 de
628 2297 747 2354 eiusdem
764 2300 880 2352 interitu
895 2300 1061 2352 vaticinium
1079 2297 1145 2366 (ιδ).

487 2511 490 2528 ,
544 2471 610 2535 DE
641 2471 843 2536 lsAAclo
875 2467 1086 2535 ANGELO.

344 2643 436 2699 lats-1-
474 2644 620 2700 Commoda
638 2649 744 2701 isaacii
767 2647 869 2716 Angeli
895 2646 989 2698 initia.
1010 2639 1150 2705 expeditio
1167 2649 1266 2693 contra
1283 2641 1370 2697 Sicu-

275 2717 327 2769 los.
368 2715 524 2772 Andronici
550 2716 611 2789 filii
635 2731 830 2770 excaecantur.
873 2716 963 2770 Siculi
990 2713 1128 2769 exercitus
1155 2708 1289 2764 socordia
1316 2712 1369 2784 (ι).

273 2786 384 2842 Branas
399 2788 506 2839 isaacii
522 2789 629 2858 legatus
636 2789 772 2858 profligat
781 2788 905 2849 Siculos,
928 2803 1046 2857 quorum
1065 2779 1148 2834 duces
1165 2780 1242 2850 copti
1261 2793 1290 2833 et
1307 2794 1369 2835 ter-

272 2858 370 2912 restris
394 2859 534 2911 exercitus
561 2859 658 2912 misere
691 2857 852 2927 dissipatur.
895 2856 1010 2910 Aleriae
1041 2854 1194 2905 Comnenus
1218 2851 1288 2902 belli
1303 2853 1371 2920 sax

272 2940 369 2994 ceptus
389 2941 558 2982 excaecatur
583 2925 631 2998 (π).
678 2928 790 2981 Siculae
811 2927 910 2979 elassis
927 2927 1109 2980 calamitates.
1144 2921 1270 2973 isaacius
1288 2921 1368 2975 Sici.

271 2998 332 3051 liae
351 2999 426 3068 regis
450 2999 551 3049 iustam
574 3000 735 3067 petitionem
762 2998 930 3062 contemnit,
948 2995 1030 3048 duces
1048 2991 1176 3062 captivos
1195 2990 1313 3043 coniicit
1331 2994 1368 3044 irs

273 3084 427 3128 carcerem.
448 3065 549 3121 deinde
566 3066 659 3122 educit
677 3081 704 3120 et
719 3085 771 3138 pro
789 3084 818 3120 se
840 3081 952 3120 orantes
971 3064 1052 3118 audit
1071 3062 1119 3132 (3).
1156 3060 1368 3115 Benevolentia

271 3137 379 3192 lsaacii
396 3138 428 3190 in
446 3136 527 3191 duces
545 3140 673 3207 captivos
691 3149 717 3190 et
737 3139 810 3190 ulios
827 3153 1003 3208 quoscunque
1022 3133 1106 3186 dictis
1124 3141 1240 3190 testata,
1259 3130 1373 3200 quibus

269 3208 350 3278 sacta
376 3209 486 3260 minime
507 3206 681 3278 respondent.
733 3208 931 3261 Clitastlslanis
954 3207 1063 3258 sultnni
1085 3200 1281 3271 grassmones.
1312 3217 1370 3253 se.

273 3277 380 3331 candae
403 3280 517 3347 nuptiae
541 3291 570 3331 et
593 3279 688 3332 sordes
709 3279 823 3330 isaacii.
868 3279 1009 3343 Mysorum
1032 3290 1079 3324 seu
1100 3268 1264 3322 eternorum
1282 3265 1367 3337 dese-

272 3349 329 3400 “2'0
349 3347 397 3416 (4)·
434 3348 602 3402 Calamllm
620 3351 651 3403 ln
663 3351 781 3418 Cyprum
792 3345 930 3417 expeditio
949 3343 1084 3398 adversus
1094 3340 1260 3392 Comnenum
1277 3337 1366 3392 Isaa-

273 3417 363 3477 ⁰l¹⁴ms
387 3416 465 3469 cuius
490 3417 621 3472 mandato
649 3421 822 3474 Rentacenus
848 3417 970 3469 Basilius
987 3411 1094 3467 crudeli
1109 3408 1248 3478 supplicio
1266 3407 1366 3480 affici-

228 3517 233 3524 ·
273 3497 327 3539 tur.
363 3483 481 3537 Blsssslwt
507 3504 525 3536 a
535 3489 659 3557 furiosis
684 3502 713 3541 et
730 3486 920 3539 daemoniacis
937 3484 976 3536 ad
990 3485 1090 3537 bellant
1107 3479 1264 3532 concitatos
1279 3482 1366 3532 isaa-

273 3557 334 3610 ⁶l¹⁸⁸
356 3555 476 3626 Ansam
502 3571 555 3608 ma
583 3559 755 3630 negligentia
780 3557 926 3628 confirmat
950 3557 997 3621 (5).
1043 3551 1203 3606 Blaclticum
1220 3549 1321 3602 bellum
1341 3567 1365 3603 a

272 3623 388 3679 ducibus
416 3625 488 3678 male
512 3630 695 3692 commissum3
722 3641 751 3680 et
772 3627 907 3678 lobannis
927 3622 1119 3679 Cantacueent'
1137 3619 1231 3673 letalis
1249 3622 1363 3672 temeri-

272 3709 325 3749 tas·
364 3697 475 3748 Branas
497 3695 611 3748 Alexius
639 3695 801 3751 seditionem
827 3709 919 3750 movet
948 3699 980 3750 in
996 3697 1157 3753 isaacium,
1177 3688 1367 3759 imperatorio
1416 3707 1422 3720 ·

273 3765 383 3818 'mmm‘
400 3778 550 3835 ”infimi
566 3767 731 3831 Byzantium
748 3765 864 3830 obsidet,
880 3780 909 3821 et
924 3784 984 3820 cum
997 3765 1103 3818 isaacii
1119 3761 1208 3811 milite
1225 3771 1289 3812 ante
1308 3775 1361 3810 ur·

272 3837 331 3888 ⁵⁰⁸⁸
357 3851 455 3886 ''mm‘'
480 3837 617 3901 c‘limini
647 3850 672 3890 ⁶1
699 3855 748 3905 Per
766 3841 918 3906 piscatores
945 3831 1122 3899 Propontidis
1148 3830 1364 3898 imperatoriam

272 3905 387 3958 classem
395 3907 505 3974 fitigat
523 3904 571 3974 (b).
614 3905 758 3960 Conradus
779 3909 883 3961 Caesar
909 3903 1116 3968 Montisferrati
1132 3897 1258 3950 marchio
1277 3900 1360 3976 isaa-

272 3975 345 4028 θέω
363 3987 505 4030 ”mmm
524 3974 688 4045 confirmat,
709 3988 735 4028 et
755 3996 813 4030 non
830 3976 910 4031 modo
928 3976 1053 4048 precibus
1071 3987 1167 4024 verum
1183 3969 1266 4023 etiam
1281 3981 1359 4045 ense-

273 4043 323 4097 ὒν*
350 4043 453 4096 bostem
479 4044 665 4113 repellendum
691 4063 747 4100 esse
766 4046 854 4101 docet.
898 4047 1006 4100 isaacii
1021 4040 1062 4094 ad
1076 4043 1178 4094 milites
1197 4036 1358 4118 hortatoria

273 4112 365 4167 ⁰W²¹⁰⁰
382 4113 429 4184 (7)·
473 4117 548 4170 ΜΤ
569 4115 637 4170 duos
659 4117 796 4170 exercitus
813 4129 959 4172 certamen.
997 4117 1106 4165 Branas
1124 4131 1143 4165 a
1163 4103 1292 4162 Conrado
1309 4121 1357 4157 tn-

272 4184 419 4254 terficitur.
457 4185 636 4240 Constantini
651 4185 770 4240 Stetltoti
792 4187 930 4257 astrologi
948 4184 1077 4238 interitus
1095 4183 1143 4253 (8).
1180 4181 1293 4257 llranae¹
1307 4189 1357 4256 ca-

274 4257 328 4307 ”lli
342 4267 369 4309 et
386 4255 470 4310 uxori
480 4259 603 4312 isaacius
613 4259 705 4312 victor
722 4257 839 4312 insultat
847 4278 859 4328 ,-
871 4256 1009 4312 seditiosis
1025 4255 1156 4326 ignoscit,
1174 4261 1201 4302 et
1218 4257 1249 4298 ut
1264 4261 1359 4297 sacre-
