3017 4892
327 345 383 410 uu
410 341 602 410 uersuum
629 339 827 408 cosruuuo
862 344 941 406 us.
969 346 1012 406 τι.
1133 309 1211 395 105

131 495 174 574 ῶς
196 493 258 560 dud
275 496 333 580 γῆς
352 497 553 577 μαχομένους
573 491 652 576 πρὸς
668 489 739 568 roric
761 495 794 556 έν
813 493 852 579 τῇ
872 495 926 575 τῆς
943 485 1041 577 άκρας
1057 485 1215 573 ὑπερβολῇ

130 598 255 678 βραχέα
276 589 298 677 ἢ
317 581 412 659 offois
432 591 468 657 τά
490 585 670 656 ἀντιπῖπτον
687 598 804 656 λυπεῖν.
822 590 865 666 ῶς
885 593 920 655 δὲ
937 587 1032 655 πάλιν
1054 589 1109 651 καί
1120 584 1216 651 πάλιν

132 692 170 760 τά
185 687 268 758 αάτά
284 697 340 757 καί
352 695 406 756 ἐπί
424 688 502 756 πολι)
519 689 663 775 δρώμενα
679 689 848 771 Ῥωμαίοις
860 693 917 771 μὲν
930 689 985 753 οὖν
1000 681 1041 772 ἦν
1052 688 1084 763 ἔς
1098 687 1216 761 έντελδς

134 790 295 874 α’νάσιμα,
316 792 363 866 εἷς
383 793 418 854 δὲ
437 789 576 854 θάνατον
597 788 732 869 μάλιστα
746 792 914 872 βλέποντα,
933 795 999 862 τοῖς
1021 789 1047 851 δ’
1069 781 1153 861 ἐντὸς
1172 783 1216 859 ῶς

108 886 294 958 Ξάπαδέσιν
316 883 408 954 οὖσιν
435 886 587 970 α’σπάσια,
607 883 786 974 καινότερον
805 889 861 951 αἐί
875 913 907 952 τι
925 885 1014 971 παρά
1034 888 1096 951 τῶν
1114 885 1217 959 κακῶς

134 987 321 1072 πασχόντων
345 989 511 1070 Ῥωμαίων
540 992 839 1074 προσεφευρίσκετο,
873 992 1139 1073 φιλοτιμουμένων
1167 983 1219 1048 ἐπ’

135 1082 230 1170 ὄψεσι
250 1091 406 1172 βασιλέως
439 1089 493 1152 καὶ
512 1083 589 1172 ἔργα
610 1084 720 1170 χειρὸς
746 1087 884 1167 ἀκμαίας
904 1085 1147 1165 ἐνδεικνυμένων
1165 1085 1220 1148 κατ’

136 1188 302 1272 καρτερίαν
333 1191 368 1254 έν
393 1193 457 1261 τοῖς
492 1187 624 1269 δεινοῖς,
646 1183 692 1250 ἔτι
714 1187 749 1248 δὲ
768 1185 927 1266 μεθόδους
946 1187 981 1250 έν
1001 1191 1068 1259 τοῖς
1087 1178 1219 1265 άπάροις

135 1289 253 1370 πολλὴν
277 1285 567 1369 βαθνγνωμοοάνην
583 1287 708 1349 essuos
728 1285 957 1370 κατηγορούσας
980 1282 1036 1347 καί
1051 1281 1219 1366 ἐμπειρίαν

96 1391 200 1452 ιοτῶν
219 1389 383 1450 τακτικῶν.
427 1385 497 1449 ἀλλ’
528 1385 697 1467 ἠλέγχοντο
717 1387 779 1449 τῶν
805 1383 980 1469 οἷνειρίιιτων
1004 1383 1136 1468 ἐρῶντες
1164 1382 1247 1447 scic

135 1493 200 1559 τοῖς
221 1482 381 1568 ἀνηνύτοις
403 1485 616 1566 ἐγχειροῦντες
638 1479 819 1546 παντάπασι
842 1483 992 1566 διακενῆς,
1011 1483 1067 1546 καί
1078 1477 1117 1546 τά
1138 1477 1218 1564 πρὸς

135 1581 233 1666 χάριν
254 1584 310 1647 καί
335 1578 450 1646 εάκτέα
477 1583 615 1663 δρῶντες
633 1583 751 1662 μᾶλλον
781 1589 846 1659 τοῖς
864 1584 1043 1664 πολεμίους,
1066 1574 1114 1655 οἷς
1132 1573 1215 1644 άντι-

136 1705 215 1764 κρυς
234 1679 279 1756 ῶς
295 1678 374 1764 πρὸς
396 1671 532 1765 οὖρανὸν
556 1677 652 1744 ου’τὸν
673 1675 906 1766 διεφέροντο,ἢ
925 1681 1003 1764 γοῦν
1023 1675 1218 1764 οιέροβάμοσι

138 1781 347 1864 διημιλλῶντο
363 1787 487 1864 πτηνοῖς
504 1777 562 1853 τάς
582 1777 694 1855 καλιάς
707 1781 895 1863 πηξαμένοις
912 1781 970 1844 έπί
977 1803 1059 1855 τινος
1076 1778 1299 1861 ostendeus

98 1879 195 1946 ιλιιοέ
222 1877 403 1956 ἐπετόξευσν
427 1879 545 1962 νέφεσι.
585 1881 673 1954 τέλος
705 1880 743 1943 δὲ’
760 1883 814 1944 καί
834 1874 927 1954 αάτὸς
946 1875 963 1942 ὃ
979 1882 1078 1960 μέγας
1098 1878 1217 1961 προσα-

138 1979 294 2044 aduncas
323 1971 415 2058 δοάξ,
436 1977 572 2064 ’λιθιδιλγ
597 1975 676 2042 κατά
697 1978 753 2041 rod
774 1979 923 2050 eevurisus
940 1980 1058 2061 πέτρας
1077 1969 1218 2059 άπορρα-

139 2079 223 2161 χέντι
241 2077 390 2158 βληθείς,
413 2070 509 2158 ἥνπερ
538 2076 700 2160 ἐπαφῆκεν
718 2073 846 2156 διχόθεν
864 2071 1035 2160 ἀφετήριον
1055 2065 1201 2158 ὄργανον.

224 2173 296 2240 Καί
315 2172 331 2238 ὁ
350 2177 409 2253 μὲν
428 2171 524 2239 ἔκειτο
542 2172 770 2256 ὀλιγοδρανέων
788 2175 870 2259 κάρη
884 2174 1009 2255 βάλλων
1026 2177 1059 2237 θ’
1079 2168 1223 2258 ἑτέρωσε,

139 2273 222 2357 μετά
243 2272 355 2356 μικρὸν
376 2275 411 2337 δὲ
425 2272 479 2336 καί
490 2275 523 2351 ἐξ
537 2272 714 2358 α’νδρῶπιυν
735 2274 883 2338 ἐντεῦθεν
902 2273 1038 2356 ἐγένετο·
1081 2275 1130 2359 (3)
1153 2277 1224 2338 uls-

97 2393 202 2460 ηορας
224 2374 260 2436 δὲ
279 2371 299 2456 ἡ
322 2375 371 2435 ἐπ’
394 2371 480 2460 scirpi
493 2367 664 2456 πρόρρησις
684 2372 795 2458 εὶληφε
812 2375 869 2437 τοῦ
887 2369 1082 2456 πατριάρχου
1103 2373 1223 2452 Κοομά

140 2475 197 2540 τοῦ
214 2469 371 2552 Ἀττικοῦ,
399 2467 432 2546 ὃς
451 2469 529 2553 μετὰ
559 2470 615 2536 τὸν
635 2470 770 2556 Ὀξείτην
792 2468 929 2556 Μιχαὴλ
949 2471 1022 2548 τούς
1041 2473 1096 2556 τῆς
1114 2473 1252 2554 deniq-1)

141 2568 216 2647 σίας
236 2572 440 2655 ἐγχειρίζεται
460 2567 585 2650 οἴακας,
608 2568 802 2635 ὑπεκστάντα
824 2573 880 2654 τῆς
896 2565 1073 2656 δπερτάτης
1092 2573 1135 2658 τῷ
1147 2575 1222 2652 βου-

144 2674 266 2758 λομένῳ
285 2671 443 2752 καθέδρας
463 2668 518 2732 κατ’
542 2667 622 2752 πρὸς
641 2668 697 2753 την
717 2673 811 2753 νῆσον
831 2667 891 2753 την
909 2671 1028 2748 Ὀξεῖαν
1047 2668 1222 2756 άποφυιτὴ-

144 2793 266 2848 σαντα,
299 2771 371 2832 καθ’
406 2766 445 2850 ἣν
474 2765 528 2832 τὸν
550 2761 684 2832 άσκευον
701 2770 772 2849 βίον
795 2767 849 2832 καί
867 2771 1032 2852 άπέριττον
1053 2771 1088 2834 ἐκ
1108 2767 1222 2842 παιδὸς

215 2936 257 2972 τι.
278 2918 490 2988 ἐπιχειροῦντες
505 2919 536 2970 Α.
614 2921 652 2984 ιλ.
670 2917 718 2970 ἐπί
743 2935 820 2977 τινος
839 2919 893 2990 σοι]
918 2920 950 2974 ἐν
977 2916 1138 2983 ὑψηλοτάτη
1156 2929 1224 2969 σκο-

214 2991 271 3041 md
288 2991 319 3040 Δ.
375 2991 413 3043 ιδ.
431 2987 556 3062 λιθιδλρ]
576 2989 701 3060 τμήματι
718 2992 747 3040 Δ.
806 3006 847 3041 aa.
864 2988 1009 3062 Ἀττικοῦ]
1028 2988 1178 3059 αἰγινήτου
1195 2988 1222 3039 B.

147 3126 295 3190 deliciunt3
319 3140 434 3196 quorum
459 3125 515 3178 tels
540 3133 572 3177 ut
597 3141 631 3177 ex
655 3127 795 3194 superiore
820 3126 881 3176 loco
900 3126 968 3178 citra
984 3125 1107 3177 laborem
1129 3124 1225 3189 missa,

148 3197 265 3250 efficacia
283 3205 377 3258 erant,
396 3213 456 3248 cuns
467 3199 646 3248 Romanorum
663 3196 726 3248 telis
750 3213 784 3247 ex
800 3197 929 3248 inferiore
948 3197 1009 3247 loco
1027 3204 1075 3247 aut
1089 3193 1160 3246 nihil
1179 3205 1227 3248 aut

147 3285 243 3339 parum
267 3265 413 3319 admodum
439 3267 619 3318 laederentur.
647 3283 718 3336 quae
742 3285 802 3318 cnm
829 3267 948 3319 crebrius
967 3267 1083 3334 repetita
1100 3267 1226 3319 Romanis

147 3355 276 3410 praesens
297 3339 411 3389 exitium
435 3335 647 3398 denuntiarent,
670 3337 787 3390 obsessis
818 3354 881 3389 vero
900 3338 959 3387 sine
977 3336 1034 3386 ulio
1054 3337 1225 3389 incommodo

149 3409 284 3479 optabilia
307 3417 412 3472 essent,
441 3409 554 3460 Romani
579 3407 701 3460 cladibus
727 3409 838 3460 excitati
856 3407 973 3458 subinde
991 3407 1054 3458 novi
1071 3407 1178 3478 aliquid
1195 3410 1226 3465 in

149 3488 296 3548 conspectu
314 3479 485 3548 imperatoris
504 3479 670 3548 excogitant,
690 3479 773 3530 fortia
792 3479 912 3529 facinora
932 3475 1035 3541 edunt,
1052 3479 1225 3532 tolerantium

148 3566 339 3602 aerumnarum
356 3549 510 3613 declarant,
528 3549 680 3602 rationibus
698 3550 727 3600 in
744 3565 773 3599 re
791 3548 875 3600 dubia
892 3548 1029 3613 inventis,
1048 3549 1122 3601 unde
1138 3566 1226 3620 quau-

149 3628 179 3672 ta
195 3620 348 3676 ealliditate
364 3628 392 3672 et
409 3621 450 3671 rei
459 3619 584 3672 militaris
594 3637 645 3672 usu
664 3619 787 3671 valerent
805 3617 938 3670 elucebat.
957 3635 1049 3671 verum
1067 3620 1117 3672 illa
1136 3621 1227 3673 omnia

149 3690 249 3744 trustra
264 3699 351 3752 erant,
372 3699 401 3742 et
418 3691 483 3744 rani
502 3699 613 3742 conatus
636 3706 727 3740 earum
746 3705 835 3740 rerum
855 3705 925 3759 quae
943 3691 1003 3742 fieri
1019 3708 1074 3743 non
1090 3701 1227 3760 poteraut

149 3761 205 3814 imo
233 3762 410 3832 gratissimam
438 3777 494 3812 rem
521 3760 645 3813 hostibus
666 3769 694 3812 et
719 3760 869 3830 optabilem
886 3762 968 3831 plane
985 3762 1135 3826 faciebant,
1153 3761 1228 3814 harad

149 3847 226 3886 secus
245 3850 276 3883 ac
295 3833 318 3883 si
336 3833 440 3884 caelum
459 3840 659 3904 oppugnarent,
678 3839 726 3882 aut
737 3829 817 3882 nidos
835 3833 925 3884 avium
942 3833 972 3886 in
989 3833 1101 3885 sublimi
1118 3834 1228 3903 specula

145 3904 252 3974 positus
269 3905 375 3972 ipsssve
391 3902 478 3955 nubes
499 3903 602 3972 sagittis
618 3909 750 3971 peterent

218 3973 344 4026 Tandem
364 3975 422 4042 ipse
433 3990 544 4043 quoque
561 3989 671 4042 magnus
689 3970 745 4024 dux
762 3973 890 4042 fragmine
907 3974 964 4025 saxi
980 3973 1104 4025 machina
1124 3975 1229 4027 excussi

149 4041 256 4096 lumbos
269 4045 351 4106 ictus,
369 4052 398 4095 et
413 4044 578 4096 semianimis
602 4051 682 4112 caput
697 4045 808 4106 iactans,
827 4045 932 4096 vulneri
951 4060 1007 4096 non
1027 4044 1073 4096 diu
1095 4054 1229 4113 superstes

149 4115 257 4167 mansit
299 4113 340 4184 (3)
357 4115 398 4164 ita
422 4115 572 4182 praedictio
597 4113 710 4167 Cosmae
727 4115 810 4168 Attici
827 4115 1016 4184 patriarchae,
1036 4115 1084 4184 qui
1101 4115 1231 4167 Michaeti

149 4173 248 4236 Oritae
268 4183 418 4245 essecessit,
437 4195 532 4237 eventu
554 4185 726 4256 comprobata
741 4193 790 4237 est.
805 4185 829 4237 is
847 4185 964 4237 Michael
981 4201 1082 4236 ssrrnma
1105 4185 1169 4237 sede
1188 4185 1231 4235 ul-

148 4261 191 4308 tro
211 4257 295 4310 cessit
315 4262 345 4308 et
364 4255 392 4307 in
406 4254 501 4310 Oxiam
518 4257 635 4310 insulam
652 4255 746 4321 rediit,
765 4257 794 4313 iu
814 4273 867 4328 qua
887 4256 960 4310 ritae
976 4256 1066 4330 inopis
1081 4263 1110 4309 et
1127 4255 1231 4326 simpli·
