3017 4892
301 158 315 198 6

318 379 373 442 nn
402 379 592 444 susurru
620 379 819 445 cosrnsno
849 383 922 444 un.
942 385 1011 448 vn.
1114 357 1198 470 289

109 547 250 636 γεηονιός
279 547 314 614 έν
338 547 378 633 τῇ
397 547 558 634 βασιλείᾳ,
579 547 747 613 λειπόντων
777 550 1017 634 μηνιόντριαῖν.
1060 550 1140 633 πρός
1161 543 1201 635 ἢν

111 645 205 731 οἶμαι
228 641 407 730 παρότασιν
427 647 484 728 τῆς
506 645 608 730 α’ρχῆς
633 644 689 709 καί
705 644 739 710 τό
762 650 956 711 παλαίτατον
974 651 1074 714 έκεῖνο
1098 650 1201 732 λόγιον

109 749 243 834 ἀφορᾶν
251 795 262 828 ,
283 741 302 808 ό
325 745 470 821 διέξεισιν
491 743 622 824 οότοισί,
645 746 735 826 „dtu
761 743 880 830 δστιίτη
900 771 936 811 σε
958 751 1107 828 κερδανεῖ
1118 747 1239 833 λαβὴν,
1254 775 1303 828 „3

110 849 209 929 λόγου
219 850 251 888 ·'’
310 839 330 927 ἦ
353 839 413 926 γὰρ
436 845 604 907 τελευταία
624 847 682 908 rori
703 839 856 925 όνόμαιος
876 845 1018 930 usstass}
1044 845 1097 910 τόν
1120 847 1198 912 snut

82 944 170 1010 fixas*
191 942 357 1028 tusciarum
387 942 629 1026 διασημαίνεται
657 940 807 1028 ἀριθμόν.
855 947 1014 1009 τέθαπται
1033 932 1090 1009 νόν
1113 945 1201 1029 παραὶ

110 1041 245 1127 πλάγιον
264 1038 407 1125 πλευρόν
440 1043 485 1130 τῷ
505 1039 556 1108 τόν
580 1039 659 1107 νειόν
680 1041 809 1108 εἰσιόντι
828 1046 884 1127 τῆς
901 1046 960 1108 τοῦ
979 1041 1203 1128 Παντοκρότο-

111 1165 170 1225 ρος
191 1144 308 1225 μονῆς,
345 1139 401 1203 οόιι
419 1141 453 1202 έν
475 1143 560 1228 αὐτῷ
592 1144 637 1228 τῷ
651 1144 775 1230 τεμένει
794 1143 865 1205 ἀλλ’
883 1143 918 1207 έν
937 1145 981 1231 τῷ
1004 1144 1079 1226 περί
1094 1146 1204 1208 τοῦτον

110 1237 218 1329 ἡροόιρ.
268 1240 327 1303 τοῦ
359 1239 395 1302 δέ
427 1237 537 1320 τοίχου
570 1243 629 1303 ταδ’
655 1241 715 1303 νειό
741 1240 787 1314 τίς
812 1237 914 1321 ἁψῖδα
935 1236 1204 1326 περιαχθέντοςῆ

112 1341 190 1426 περὶ
206 1337 265 1424 την
287 1335 382 1420 σορόν
403 1333 513 1422 εδρεῖα
534 1339 749 1410 διαστέλλεται
771 1335 904 1416 εἴσοδος.
927 1341 1055 1422 συνέχει
1073 1324 1112 1406 δὲ
1131 1345 1238 1415 τοῦ-ρ,
1252 1363 1302 1432 ,ηη

68 1460 169 1505 ιοτον
189 1440 279 1511 λίθος
297 1434 356 1520 τὴν
375 1436 528 1516 μελανίαν
549 1434 792 1520 ὑποκρινόμενος
811 1437 866 1502 καί
883 1436 937 1502 διό
958 1441 1053 1503 τοῦτο
1073 1436 1203 1522 στυγνό·

118 1541 200 1616 ζοντι
220 1531 351 1616 έοιιιοός,
381 1531 417 1610 ὃς
441 1531 496 1598 καί
525 1537 570 1610 εἰς
590 1531 665 1615 insci
688 1538 865 1619 stringuntur
882 1531 1008 1623 λοφιός.
1050 1534 1204 1622 παρείκει-

117 1659 171 1703 ται
191 1637 227 1700 δέ
248 1631 279 1699 οἱ
310 1637 365 1698 ἐπί
382 1634 532 1719 κρηπῖδος
561 1633 616 1697 καί
633 1635 843 1719 προσκύνησιν
873 1638 1002 1718 δέχεται
1021 1640 1110 1710 λίθος
1129 1637 1205 1720 ἐρυ-

116 1733 197 1816 θρός
228 1731 445 1818 α’νδρομηκης,
479 1729 517 1796 δν
537 1725 603 1814 εἶχε
624 1729 777 1816 πρότερον
799 1736 859 1815 μὲν
877 1734 895 1797 ό
917 1743 984 1798 κατ’
998 1726 1130 1819 Ἔφεσον
1146 1733 1205 1818 την

117 1831 205 1896 πόλιν
233 1827 328 1913 ναός,
362 1835 477 1896 ἐκεῖνον
512 1825 593 1894 εἶναι
622 1831 894 1914 διαθρολοόμενον
922 1836 975 1920 ἐφ’
1002 1826 1041 1898 οὗ
1064 1831 1205 1916 Χριστός

73 1931 197 2014 ι5μετό
235 1931 293 2016 την
319 1926 381 1996 όπό
416 1933 560 2012 σταυροό
589 1934 778 2011 καθαίρεσιν
814 1931 1033 2016 νεκροταφίοις
1066 1930 1205 2016 εἶληθείς

117 2033 326 2114 ε’σμυρνισθη.
374 2027 390 2094 ό
420 2033 456 2094 δέ
484 2026 636 2111 βασιλεὺς
668 2021 761 2104 οὗτος
791 2029 1132 2111 διακομισαςέκεῐθεν,
1152 2035 1214 2095 καί

119 2130 148 2194 οἱ
171 2127 227 2194 τόν
246 2133 345 2194 νῶτον
363 2124 569 2214 ὑποστρώσας
588 2125 630 2202 cic
652 2121 787 2208 όμόθεον
802 2131 896 2208 σῶμα
910 2126 964 2191 καί
981 2126 1107 2211 γεγονός
1127 2123 1205 2214 όπερ

117 2227 154 2294 τό
175 2237 293 2312 χρῖσαν
313 2225 525 2308 βαστόσαντι,
550 2229 584 2290 εἰι
604 2229 662 2290 τοῦ
681 2223 759 2290 uacci
774 2223 826 2291 τόν
847 2229 1060 2291 Βουκολίοντα
1082 2229 1207 2308 λιμένος

118 2330 164 2404 εἰς
184 2326 239 2392 τόν
262 2327 297 2390 έν
315 2328 359 2414 τῷ
379 2322 472 2414 φόριμ
491 2329 550 2390 τοῦ
565 2321 705 2407 μεγάλου
726 2327 882 2389 παλατίου
903 2322 982 2391 νεών
1000 2327 1108 2390 τοῦτον
1128 2325 1205 2410 α’νὴ-

72 2451 202 2510 αογαγε.
244 2431 314 2507 μετ’
333 2425 371 2488 ori
386 2424 503 2508 πολλὴν
520 2427 626 2506 μέντοι
647 2426 680 2488 έν
701 2423 822 2511 δοτέριρ
843 2424 960 2510 χρόνου
980 2426 1125 2507 περίοδον
1145 2427 1205 2488 τοῦ

117 2526 273 2611 βασιλέως
293 2522 345 2590 τόν
363 2528 433 2606 βίον
454 2517 659 2599 ἀπολιπόντος
671 2525 725 2587 καί
747 2522 764 2586 ό
784 2527 874 2598 λιθος
894 2515 986 2601 οὗτος
1005 2521 1122 2611 ε”ξὴρθη
1141 2527 1205 2590 τῶν

186 2713 211 2765 5.
229 2705 379 2781 τέθαπται]
398 2707 487 2778 ἐτάφη
501 2708 541 2765 τίς
562 2704 593 2760 τό
616 2707 740 2776 πλιίμιον
756 2709 844 2779 μέρος
862 2711 915 2760 τοῦ
932 2713 1004 2761 rust
1024 2709 1078 2762 τοῦ
1097 2725 1204 2764 παντο-

187 2779 336 2850 κράτορος,
354 2783 385 2831 ἐν
402 2778 476 2830 ιιιίτιό
489 2783 526 2830 τιό
536 2780 604 2842 vau,
622 2783 674 2831 rori
691 2782 801 2847 τείχους
814 2782 853 2836 εἰς
871 2778 964 2845 ἁψῖδα
978 2783 1136 2850 γενομίνου
1153 2771 1202 2830 διδ

188 2853 320 2908 πλατείας
337 2847 453 2902 εἰσόδου
471 2846 528 2900 dno*
556 2853 608 2902 τυιί
624 2853 696 2904 ναοί
713 2850 742 2900 Β.
811 2853 836 2902 6.
853 2853 892 2917 rui
919 2840 971 2902 τόν
987 2848 1062 2902 νεών
1079 2850 1204 2901 εἰσιόντι
1298 2867 1302 2870 ·

189 2938 234 2972 οντα
250 2923 279 2973 Α.
368 2923 407 2975 13.
425 2911 476 2986 τὴν
493 2918 580 2973 πόλιν
595 2937 639 2972 om
653 2921 683 2971 Α.
775 2919 814 2971 16.
839 2923 1034 2990 μετακομίσας
1051 2920 1081 2968 Λ.
1099 2918 1203 2985 βαστά-

190 3007 242 3048 σας
266 2987 356 3044 αὐτόν
384 2991 432 3044 ἐπὶ
457 2993 514 3044 τῶν
539 2990 625 3060 τόμιον
648 2991 738 3042 αδτοῦ
769 2976 827 3040 duc*
847 2991 899 3039 ruri
918 2990 1032 3056 λιμένος
1050 2991 1136 3060 μέχρι
1154 2990 1204 3039 καί

188 3063 241 3114 sori
259 3063 415 3126 accinctos,
432 3060 524 3125 θήσεις
540 3056 629 3114 αὐτόν
651 3060 683 3116 ἐν
700 3061 737 3130 τῷ
757 3064 815 3115 ναι)
837 3061 884 3123 τῆς
899 3058 1055 3123 ἐκκλησίας.
1073 3059 1101 3108 B.
1158 3073 1202 3111 no.

189 3121 388 3201 ustrirvuigo.
474 3128 571 3202 χρόνω
588 3131 620 3181 Α.

121 3290 241 3344 ἱστίοισι
269 3290 404 3342 coalescit.
426 3289 466 3342 sic
488 3290 572 3358 igitur
600 3290 700 3342 etvitu
732 3298 761 3343 st
781 3290 819 3342 im
839 3289 897 3341 erio
920 3286 1009 3350 cedit,
1027 3285 1102 3354 quod
1121 3301 1207 3338 annos

120 3361 232 3430 triginta
252 3369 315 3413 octo
335 3359 511 3430 gubernavit,
538 3359 625 3412 tribus
652 3361 791 3411 mensibus
829 3359 934 3428 emptis.
953 3357 988 3408 ad
1005 3355 1080 3424 quod
1098 3356 1207 3425 imperii

119 3449 132 3484 τ
153 3433 238 3485 stium
255 3433 467 3486 vetustissimum
486 3429 556 3482 illud
574 3431 713 3482 oraculum
727 3430 850 3482 altudere
869 3428 993 3491 videtur,
1011 3427 1071 3490 „tui
1089 3427 1208 3496 prehen-

139 3511 214 3558 τελε
237 3510 374 3571 postrema
401 3501 544 3553 nominis.’'
570 3517 634 3552 num
658 3503 707 3566 ηλ,
732 3509 868 3572 postrema
888 3499 994 3566 syllaba
1011 3498 1129 3550 nominis
1146 3501 1209 3550 Ma..
1265 3507 1272 3514 ’

118 3571 218 3635 austu,
237 3571 310 3642 apud
329 3573 445 3624 Graecos
471 3579 579 3623 tuntum
596 3589 739 3623 numerum
758 3571 955 3640 complectitur.
975 3569 1098 3637 sepultus
1118 3571 1207 3623 estin

120 3645 236 3714 obliquo
262 3643 348 3695 lutere
370 3642 528 3695 monasterii
557 3642 773 3705 Γτιυίοαταίοτίι,
801 3644 877 3693 iuxta
890 3640 986 3710 tempii
1004 3641 1097 3702 fores,
1114 3641 1145 3691 in
1163 3657 1207 3692 sa-

120 3715 191 3764 celto
212 3711 355 3777 adiuncto,
375 3731 430 3783 qun
447 3713 544 3782 templi
564 3729 641 3764 muro
662 3714 691 3765 in
724 3713 857 3765 fornicem
875 3711 1045 3763 circumflexo
1063 3711 1134 3762 lutus
1154 3715 1208 3762 cir-

120 3800 152 3836 ca
174 3783 310 3836 tumulum
333 3785 468 3852 ingressus
486 3781 670 3852 distinguitur.
691 3784 763 3853 lapis
775 3800 836 3834 curn
848 3783 917 3852 tegit
932 3784 1068 3852 nigricans
1086 3791 1115 3833 ct
1131 3799 1208 3834 moc-

63 3893 67 3900 .
121 3863 191 3906 stum
211 3855 319 3923 aliquid
347 3871 412 3922 pras
442 3869 471 3905 ιο
488 3855 598 3917 ferens,
625 3855 673 3924 qui
697 3855 727 3906 in
756 3863 860 3923 reptem
879 3855 993 3906 vertices
1010 3853 1133 3920 assurgit.
1150 3869 1209 3904 non

121 3927 217 3992 procui
234 3924 299 3976 iude
320 3923 379 3976 basi
406 3925 549 3994 impositus
570 3924 698 3977 adoratur
726 3924 796 3995 lapis
813 3941 982 3994 purpureus,
1000 3925 1051 3976 viri
1071 3924 1208 3990 maguitu-

122 3993 200 4059 diue,
227 3995 275 4066 qui
298 4003 361 4046 ante
389 3994 579 4064 tuitssphes13
606 4003 634 4047 et
651 3997 674 4048 is
692 4013 749 4046 esse
769 3996 882 4057 dicitur,
908 3996 1010 4065 inquo
1029 3993 1151 4046 Christus
1172 3993 1208 4043 dc

122 4081 200 4117 cruce
221 4065 347 4119 sublatus
367 4073 395 4117 et
412 4065 503 4116 insciis
519 4067 657 4119 involutus
677 4066 803 4118 conditus
825 4067 915 4118 iuuerit.
936 4083 999 4118 cum
1021 4065 1141 4133 lapidem
1156 4065 1209 4114 im-

120 4145 232 4204 perator
252 4137 318 4189 inde
345 4135 485 4188 advectum
518 4135 637 4188 humeris
666 4138 736 4200 suis,
763 4138 865 4206 quippo
889 4137 938 4207 qui
965 4138 1086 4188 divinum
1110 4151 1209 4202 corpus

121 4207 268 4277 ipsumque
294 4205 433 4258 Christum
460 4213 604 4274 gestasset,
623 4226 638 4260 a
655 4217 734 4279 portu
760 4209 933 4262 Bucoleontis
953 4223 1040 4276 usquc
1060 4205 1209 4256 adsedem

225 4311 337 4363 Νίτιιαι
353 4309 509 4364 θίιοιιίαιιι.
1036 4325 1066 4378 ¹9
