3017 4892
446 278 452 293 ·
519 254 622 316 unus
652 252 798 317 elem
1118 203 1199 342 77⁴3

109 402 361 487 ἕκδιισεύμενοι,
384 396 436 469 οἷα
459 404 590 489 φαύλως
613 406 646 468 δν
665 414 729 479 τοῖς
754 400 840 479 δ’λοις
860 396 996 488 ἧγμένοι,
1015 404 1059 484 ὥς
1078 413 1112 475 ἒν
1132 433 1201 492 χει-

108 510 203 589 μῶνι
223 508 282 586 μὲν
304 500 345 569 τὰ
367 496 450 587 ύνθη
485 505 586 586 ζητεῖν
606 501 700 587 ἔαρος
721 507 757 569 δὲ
779 507 888 568 ποθεῖν
901 503 1143 590 ,ύπωρίζέσθαῃ
1164 507 1200 573 τύ

15 658 17 685 ,
64 597 69 608 ’
110 608 154 671 δὲ
175 606 353 685 πολίτευμα
373 604 544 686 ἐμπορικὸν
564 625 599 665 τε
628 604 684 667 καί
701 602 842 685 κάπηλον
859 600 1061 688 τύφρονεῖν,
1083 611 1137 670 καί
1155 605 1232 701 μηο

15 756 19 787 ,
111 703 217 783 μόνον
235 704 309 783 ούχί
326 696 473 783 σάλπιγξι
494 704 553 764 τού
573 705 686 783 λέχους
715 702 917 780 ιίνιστύμενον
929 703 997 767 ἀλλ’
1018 707 1085 767 ου’δ’
1106 706 1202 792 φ’δαῖς

72 802 261 885 5ὄρνίθιυν
281 798 541 881 διυπνιζύμενον,
567 800 609 874 ὥς
630 802 687 863 καί
706 798 741 865 ri
763 797 837 865 ὅλον
850 803 1008 867 καθεῦδον
1026 798 1128 885 ἦδέονς
1147 808 1204 867 καί

15 956 21 991 ,
108 898 162 983 μὴ
187 898 323 983 ἐγνωκύς
336 920 407 963 ποτε
426 895 582 979 πόλεμον,
603 896 638 961 τύ
660 901 695 975 δέ
712 922 746 981 γε
765 904 947 965 συντιθέναι
968 900 1131 983 ποιήματα
1153 902 1206 966 κατ’

110 1001 183 1064 τῶν
214 995 451 1082 διαμαρτόντων
481 996 701 1061 καθάπτεσθαι
730 992 769 1081 ἦν
796 1002 855 1080 μὲν
884 1000 1016 1065 καὶτοῦ
1036 1005 1203 1082 μεγαλείου

15 1158 21 1193 .-
112 1098 275 1177 Σόλωνος,
296 1090 336 1181 ἦν
361 1100 399 1179 δ’,
421 1093 464 1171 ὦς
484 1095 574 1178 ἔοικε,
604 1100 660 1162 ναί
679 1102 733 1161 τοῦ
752 1095 821 1163 τύτε
846 1097 948 1182 δήμου
971 1104 1035 1165 τῶν
1053 1095 1203 1183 Ἀθηναί-

113 1222 184 1279 ων,
213 1198 371 1278 κτωμένου
398 1194 434 1261 st
459 1190 516 1272 υύς
538 1204 608 1273 ταῖς
631 1200 694 1261 τῶν
712 1197 901 1282 είσηγησεων
919 1204 1103 1282 χρησίμοις,
1127 1198 1203 1282 ἤρε’-

51 1322 163 1378 rupea
185 1320 220 1361 τε
243 1294 466 1371 ύπενδιδύντος
488 1304 559 1370 ταῖς
579 1298 642 1359 τῶν
662 1299 802 1378 α’ρίστων
820 1297 948 1381 ἀνδρῶν
968 1299 1201 1383 παραιφάσεσι.

110 1394 173 1461 καί
192 1390 295 1471 ἄλλως
314 1397 349 1460 δὲ
374 1398 419 1481 τῷ
438 1392 518 1477 πρὸς
544 1388 663 1470 ὄνειδος
683 1389 771 1482 ᾅδειν
790 1400 956 1472 τιθασσοῖς
977 1397 1078 1479 λόγων
1108 1398 1203 1477 μέρο-

15 1560 18 1589 a
109 1512 176 1575 ψιν
194 1492 299 1561 ἔνεστί
314 1518 346 1558 τι
377 1493 432 1558 καί
451 1490 605 1577 γλυκάζον
625 1491 685 1559 σύν
705 1497 748 1580 τῷ
770 1492 922 1581 στύφοντι
945 1494 1198 1581 ἐμφαινόμενον·

111 1596 173 1659 καί
192 1595 213 1679 ἦ
238 1593 357 1677 μνήμη,
379 1588 440 1657 ὅσα
462 1590 500 1675 δὴ
522 1596 577 1657 καί
597 1588 703 1679 ῥιπίς,
723 1590 759 1657 τύ
781 1597 964 1678 παραμένον
982 1597 1017 1659 ἐν
1040 1599 1133 1680 ψυχῇ
1146 1594 1201 1659 καί

110 1694 349 1771 ε’νθαπτόμενον
379 1689 568 1776 ε’μπύρευμα
597 1696 653 1755 τοῦ
673 1695 771 1755 ιιαλού
789 1695 869 1757 κατὰ
894 1696 999 1772 ζῶσαν
1025 1689 1072 1758 ἔτι
1093 1692 1229 1779 φλόγαλ)

55 1790 216 1875 ιὸτιυρύς
245 1787 491 1871 α’ναθύλπουσα,
519 1786 578 1871 την
606 1792 656 1873 ἐφ’
686 1789 808 1870 ὁμοίοις
840 1794 982 1857 ἐσέπειτα
1008 1795 1199 1874 διαμαρτίαν

15 1964 17 1987 ,
110 1889 335 1975 φυλάττεσθαι
357 1889 543 1972 διανίστησι.
585 1898 649 1962 τοῖς
671 1890 700 1951 δ’
721 1890 753 1962 ἐς
775 1889 859 1971 ἡμᾶς
879 1895 935 1973 τῆς
956 1895 1199 1955 Κωνσταντιθυυ

15 2066 16 2075 2
112 1988 313 2073 οἰκήτορσιν,
334 1988 433 2050 εἰπεῖν
451 1988 486 2051 δὲ
503 1990 558 2052 καὶ
576 1996 640 2063 τοῖς
661 1990 696 2052 ἐκ
716 1990 778 2051 τοῦν
798 1981 901 2051 ἄλλων
919 1988 1115 2071 ὁρμωμένοις
1130 2012 1197 2069 χω-

111 2090 201 2171 ρῶν,
222 2082 253 2151 oi
272 2082 395 2168 ἔλεγχοι
414 2086 566 2166 μώλωπες
589 2086 738 2169 ἀκριβῶς.
758 2094 826 2160 τοῖς
843 2090 878 2149 δὲ
897 2093 1023 2159 πολλοῖς
1042 2089 1111 2149 ου’δ’
1131 2078 1200 2152 εἶτα

15 2190 16 2195 ’
112 2180 307 2270 πεφύτευται
337 2186 508 2265 τετρημένα
537 2188 583 2259 εἰς
601 2186 696 2266 τοῦν,
717 2186 786 2249 ούδ’
816 2184 982 2269 ἦΠαφία
1000 2190 1054 2267 τῆς
1071 2188 1199 2250 ἐλευθε-

59 2282 187 2367 πορίας
208 2281 301 2347 ὁποία
323 2304 369 2356 τις
405 2280 490 2347 ἐστίν
510 2286 542 2357 ἐς
561 2284 655 2366 δεῦρο
676 2286 899 2366 κατειληπται,
921 2283 964 2357 ιύς
985 2284 1059 2347 οὐδὲ
1082 2282 1198 2365 γλυκύ-

15 2384 16 2393 ’
112 2408 170 2467 της
203 2388 328 2463 με’λιτος
353 2390 418 2457 τοῖς
439 2381 570 2466 μηδέπω
598 2386 801 2463 γευσαμένοις
826 2385 960 2461 μέλιτος.
1002 2385 1073 2446 ἐπεί
1091 2388 1198 2449 τοίνυν

113 2479 296 2567 ἀσύμφωνα
326 2488 392 2556 τοῖς
412 2480 551 2556 Σόλωνος
573 2478 612 2545 τύ
636 2481 791 2564 ἡμέτερα,
814 2475 869 2563 ὅγε
888 2479 927 2545 τύ
948 2484 1009 2561 μὲν
1027 2482 1090 2545 mie
1111 2484 1196 2564 ἐλέγ-

111 2604 181 2667 χων
201 2578 383 2666 παρήσομεν
401 2574 593 2667 βούκεντρυ,
615 2581 648 2656 ἐς
671 2581 765 2643 ου’δδν
787 2578 893 2667 ἕτερον
912 2580 1194 2667 πρεσληφθησδμε·

188 2790 228 2827 ιτ.
243 2772 293 2849 spi]
311 2768 343 2829 τύ
358 2776 442 2830 APW.
498 2778 538 2831 ιδ.
557 2772 785 2830 δνοδύλπουοιιν
803 2774 891 2827 APW.

114 2954 188 3011 rent3
206 2946 254 3015 qui
272 2947 403 2999 maturius
415 2962 530 2998 coenare
548 2947 624 2997 soliti
641 2953 746 2999 tantum
759 2962 880 2997 ererum
901 2943 1077 3012 gerendarum
1095 2958 1196 3011 oppor-

111 3017 230 3070 tunitate
252 3016 454 3068 abhorrebant?
477 3018 579 3087 quippe
607 3016 676 3067 mnia
696 3016 856 3067 educatione
882 3030 991 3083 prorsus
1012 3015 1145 3081 corrupti,
1164 3022 1196 3065 ut

113 3088 229 3139 hiberno
247 3093 370 3154 tempore
389 3087 485 3149 tiores,
504 3103 587 3138 verno
609 3102 688 3154 poma
715 3084 905 3154 requirerent?
923 3085 993 3135 cives
1012 3100 1076 3135 vero
1092 3100 1195 3134 merca-

112 3170 200 3211 torum
219 3164 247 3206 et
269 3172 420 3226 casrponum
444 3157 560 3223 ingeniis
586 3154 701 3224 praediti
719 3172 775 3205 non
793 3155 876 3206 modo
892 3171 948 3206 non
966 3153 1001 3205 ad
1019 3154 1102 3205 tubae
1119 3156 1195 3205 soni-

114 3236 170 3279 tum
190 3242 314 3293 surgere,
344 3225 392 3278 sed
410 3242 461 3277 nec
478 3228 566 3277 avium
586 3228 686 3292 garritu
705 3225 816 3277 excitari
832 3226 924 3287 soliti,
943 3225 1060 3276 suaviter
1076 3219 1195 3275 dormire

114 3313 219 3357 omnes,
237 3296 338 3347 bellum
355 3314 466 3365 prorsus
483 3296 605 3363 ignorare
625 3296 802 3348 didicissent?
821 3304 957 3347 caeterum
973 3311 1067 3347 versus
1084 3310 1194 3362 compo-

113 3383 177 3419 nere
194 3372 222 3417 et
240 3367 304 3418 vitia
325 3382 448 3435 carpere,
469 3382 500 3416 ea
517 3372 678 3435 tempestate
697 3383 757 3417 cum
774 3365 881 3418 Solonis
900 3372 974 3425 erat,
992 3364 1043 3413 viri
1063 3364 1194 3416 illustris-

113 3436 184 3499 simi,
203 3443 260 3487 tum
279 3436 377 3505 populi
392 3436 574 3500 Atheniensis,
593 3437 669 3487 cuius
688 3453 766 3488 aures
784 3436 900 3489 utilibus
917 3433 1030 3486 monitis
1047 3434 1194 3502 capieban-

115 3515 165 3569 tur,
182 3506 284 3577 qnique
304 3502 467 3575 optinorum
486 3506 603 3559 virorum
623 3507 743 3559 consiliis
762 3507 895 3576 paulatim
913 3504 1112 3574 acquiescebat,
1129 3522 1192 3557 nam

113 3578 258 3629 mansuetis
277 3576 392 3644 ingeniis
412 3577 636 3645 reprehensiones
658 3578 720 3647 plus
736 3579 794 3630 lere
810 3578 958 3646 voluptatis
976 3578 1092 3626 all'erunt
1110 3592 1194 3645 quam

114 3647 229 3711 doloris,
254 3664 402 3715 eorumque
435 3650 564 3699 memoria
591 3649 723 3700 scintillas
755 3648 910 3699 honestatis
932 3647 963 3699 in
990 3646 1085 3697 animis
1117 3648 1193 3699 velut

115 3720 200 3786 ignem
218 3718 269 3770 sub
294 3718 432 3769 cineribus
455 3718 658 3771 delitescentem
687 3719 722 3771 ad
743 3718 862 3770 cavenda
887 3718 916 3767 in
936 3724 1074 3785 posterum
1092 3717 1193 3767 similia

115 3790 211 3840 delicta
233 3789 340 3840 excitet
354 3796 448 3841 nostre
464 3806 528 3841 vero
547 3797 638 3847 aetate
649 3790 800 3859 cpolitanis
818 3788 923 3840 civibus
934 3795 963 3839 et
979 3787 1192 3856 provincialibus

115 3876 221 3929 quoque
247 3860 446 3911 admonitiones
471 3860 553 3928 plane
579 3860 683 3912 vibices
707 3869 805 3923 erant,
822 3876 873 3911 nec
891 3859 988 3927 vulgus
1008 3876 1086 3910 aures
1106 3858 1193 3909 habe-

114 3931 159 3981 lmt
176 3930 210 3981 ad
236 3938 354 3981 mentem
383 3931 551 3999 perforatas,
579 3947 668 4000 neque
696 3931 832 3983 libertatis
862 3929 980 3981 dulcedo
997 3938 1098 3998 qssanta
1120 3937 1193 3979 esset

114 4000 240 4053 hactenus
257 4000 438 4064 intellexerat,
457 4010 488 4052 ut
506 4010 534 4053 et
553 4001 643 4055 mellis
661 4001 778 4053 dulcedo
796 4002 888 4068 ignota
908 4000 942 4051 iis
962 4008 1004 4050 est
1022 4000 1070 4068 qui
1088 3998 1117 4049 id
1135 4013 1194 4049 non

115 4080 256 4137 gustarunt.
282 4071 410 4142 quoniam
437 4072 521 4139 igitur
545 4080 637 4125 nostro
655 4074 776 4141 tempora
799 4070 835 4122 ab
852 4080 942 4124 aetate
960 4070 1068 4122 Solonis
1088 4067 1192 4119 discre-

115 4150 187 4211 pant,
204 4160 251 4213 age
273 4142 377 4196 omissis
395 4142 633 4213 reprehensionum
655 4143 782 4207 stimulis,
800 4143 849 4214 qui
870 4142 941 4196 nihil
960 4139 1037 4193 aliud
1055 4139 1108 4192 uisi
1126 4136 1194 4190 odia
