3017 4892
369 335 424 396 uu
458 327 647 397 uenuste
677 330 1064 399 commeamus.
1166 307 1249 398 285

171 489 246 555 νοῦν
264 485 453 566 βάπτοντες,
483 485 518 549 ἒν
550 482 658 571 ἀπόρῳ
687 483 828 549 ἐτίθεντο
852 485 885 550 es'
901 486 970 563 νίας
990 481 1035 552 τόν
1053 482 1072 552 δ
1092 489 1284 574 Mareotae.
1298 498 1344 568 sss

169 584 228 652 ταί
249 579 325 670 όρτι
352 578 482 666 πρότοος
508 583 654 665 χνοόζων
680 579 738 647 τόν
755 581 862 648 ἴουλον
893 585 1150 671 διανυβερνήσειν
1170 585 1251 663 όλονς

169 683 230 768 τήν
249 685 413 765 βασιλείαν
435 677 617 764 δυνήσεται,
637 675 707 764 ἥτις
724 681 760 746 τό
780 679 863 746 πολό
882 684 985 749 δεῖται
1004 682 1122 771 α’νδρός
1140 689 1253 751 nolensi

168 788 230 866 μὲν
257 780 293 847 τό
327 787 456 867 φρονεῖν
490 776 678 864 λαχνήεντας
707 782 743 846 δὲ
762 777 815 844 τόν
841 779 993 864 scolymo,
1014 778 1062 848 ἔτι
1079 805 1116 866 γε
1137 782 1201 870 μὴν
1221 787 1254 851 τί

138 879 224 950 sris
257 884 439 963 κασίγνητον
475 880 736 943 καταπαλαίσειεν
761 874 915 945 Ἰσαόκιον
953 881 1146 967 δικαιότερον
1175 877 1251 950 όντα

170 978 250 1064 πρός
265 978 324 1062 τὴν
347 974 525 1062 α’ρχῆνιναί
542 981 599 1062 τῆς
614 979 777 1059 βασιλίδος
796 981 858 1043 τῶν
877 977 998 1045 πόλεων
1018 977 1108 1046 ἔνδον
1129 979 1250 1061 όζόνον·

170 1105 221 1145 τα.
264 1077 280 1142 ό
301 1079 337 1142 δὲ
354 1081 452 1158 μέγας
464 1079 578 1151 ἐκεῖνος
600 1073 679 1158 α’νῆρ
702 1075 758 1140 ναί
768 1067 866 1152 ὄντας
892 1071 1061 1163 ἅνθρωπος
1081 1084 1142 1144 τοῦ
1160 1082 1251 1162 θεοῦ,

171 1176 258 1242 λόοιν
276 1174 312 1240 τό
338 1168 458 1258 όπορον
478 1173 535 1239 καί
554 1177 722 1260 διασαφῶν
750 1173 787 1240 τό
811 1180 888 1261 παρ’
906 1176 1035 1253 ἐκείνοις
1057 1177 1252 1264 α’μφιγνοοό·

169 1297 277 1358 μενον,
310 1276 408 1355 „sol”
429 1297 524 1359 φησι,
558 1275 635 1355 „stoi
651 1273 709 1358 τήν
729 1276 894 1355 βασιλείαν
914 1273 932 1339 ό
951 1283 1066 1362 μεῖραξ
1083 1267 1172 1353 οὗτος
1192 1279 1252 1343 διι-

124 1374 278 1456 ιοθυνεῖ,
292 1371 348 1437 καί
367 1370 456 1459 ου’τῷ
476 1371 679 1438 όποπεσεῖται
701 1372 719 1436 ό
740 1371 890 1459 ἀδελφός·
934 1370 1016 1439 uisos
1035 1373 1095 1462 yrip
1112 1379 1180 1465 θεῷ
1198 1378 1251 1440 δέ·
1272 1438 1274 1441 ,

170 1477 278 1538 δοκται
298 1473 352 1536 καί
371 1472 575 1554 προοόρισται.
595 1473 648 1536 ἵνα
670 1473 705 1538 δὲ
725 1473 829 1557 εἰδῆτε
848 1477 904 1538 καί
921 1477 997 1560 περί
1014 1466 1060 1540 οἷν
1080 1473 1150 1540 osid’
1169 1468 1250 1552 όλιυς

168 1595 209 1653 με
222 1565 355 1658 ἤρασθε,
385 1567 438 1636 τόν
465 1572 580 1634 οίιιεῖον
610 1573 753 1652 πάππον,
783 1576 863 1654 λέγω
889 1571 930 1658 δὴ
952 1573 1006 1640 τόν
1029 1573 1250 1659 αότοκρότορα

163 1669 328 1752 Ῥωμαιδυν
350 1672 406 1733 καί
424 1669 605 1754 προπάτορα
631 1671 736 1758 ἐκείνῳ
755 1672 908 1754 Ἀλίξιον,
927 1670 1139 1757 δπερβὴσεται
1159 1664 1248 1748 οὗτος

167 1769 274 1854 βραχύ
292 1791 326 1835 τι
348 1763 427 1833 κατὰ
447 1765 520 1842 τοός
545 1771 601 1850 τῆς
614 1769 695 1853 ζωῆς
713 1767 863 1854 χρόνους.
883 1774 940 1856 τῆς
962 1773 998 1837 δὲ
1016 1775 1164 1856 τελευτῆς
1186 1771 1276 1838 osi-B

123 1873 211 1956 15qu
237 1865 420 1951 ἑγγιζοόσης
445 1863 653 1950 μανήσεται.”
703 1860 821 1950 ἤνυόν
849 1864 871 1953 ἧ
901 1867 1077 1955 πρόρρησις
1096 1864 1176 1955 αὕτη
1195 1873 1251 1937 καί

166 1969 238 2048 ἐμοὶ
267 1969 310 2054 τῷ
338 1973 520 2050 συγγραφεῖ
533 1961 658 2052 Νικὴτρι
684 1963 744 2030 σόν
774 1959 881 2043 ἄλλοις
901 1967 1058 2043 πλείστοις
1076 1967 1249 2052 γνώριμος,

164 2061 213 2130 ότι
234 2065 289 2130 καὶ
310 2063 386 2146 ἐμός
407 2063 424 2127 ό
445 2059 633 2149 προφόντοορ
656 2062 815 2146 όνόδαχος
834 2065 871 2128 ἐν
884 2067 943 2129 susi
961 2063 1054 2130 θείου
1068 2068 1249 2150 fleostoma-

163 2187 228 2240 τος.
247 2167 293 2238 τίς
318 2165 353 2229 δὲ
375 2155 439 2247 ἄρα
459 2159 548 2226 ἔσται
565 2159 586 2245 ἦ
604 2161 704 2241 μανία
728 2159 783 2226 καί
801 2155 868 2237 οἶος
885 2155 903 2226 ό
921 2159 1036 2248 τρόπος
1059 2165 1168 2250 αότῆς,
1189 2164 1249 2229 ου’.

164 2263 230 2337 δείς
249 2257 333 2344 εἶχεν
364 2254 502 2346 ἀκριβοῦς
525 2259 747 2343 σομβαλίδθαι
767 2263 829 2326 τεόν
847 2259 976 2328 εἰδότων
993 2261 1031 2328 τὸ
1051 2261 1248 2348 προαγόρευ-

115 2383 226 2441 floren·
248 2359 277 2425 οἱ
297 2361 356 2442 μὲν
376 2357 436 2446 γόρ
457 2362 491 2434 ἐς
511 2357 547 2422 τό
568 2360 769 2443 χρυσομανὲς
787 2358 989 2446 όνόφεροιιεό
1008 2365 1246 2447 προφοιλλασμα,

164 2457 244 2524 οἶδ’
274 2461 307 2534 ἐς
336 2453 413 2523 όλλο
438 2481 471 2522 τι
489 2454 639 2540 σαρκικόν
665 2457 831 2538 sianum
856 2456 1084 2545 ᾑχμαλαότιζον.
1131 2463 1190 2525 τοῦ
1208 2464 1246 2525 δὲ

162 2563 324 2642 προσεχῶς
357 2559 524 2642 εἰρημένου
556 2555 710 2638 δόγματος
748 2561 943 2642 κινηθέντος,
968 2557 1024 2624 καί
1050 2559 1243 2644 παραβόλως

163 2659 368 2741 ἐνισταμένου
399 2654 439 2721 τό
463 2659 575 2741 πρῶτα
608 2658 667 2721 τοῦ
688 2659 844 2740 βασιλέως
869 2659 979 2744 α’ληδῆ
1003 2657 1144 2740 δοξάζειν
1163 2659 1243 2726 θεόν

232 2860 257 2896 ο.
272 2841 350 2916 ἄρτι]
367 2841 421 2898 νόν
439 2843 468 2893 Δ.
484 2885 489 2895 ,
543 2857 579 2911 ¹7·
596 2837 675 2914 ἐμός]
693 2841 723 2904 ἐξ
739 2843 850 2898 ἐκείνου
865 2841 897 2898 τδ
917 2847 1000 2901 θεῖον
1015 2843 1162 2918 βάπτισμα
1176 2844 1241 2901 ἱλα-

229 2919 281 2985 pos·
299 2915 328 2966 B.
442 2915 484 2968 ιλ.
504 2909 675 2974 δοξάζεσθαι
690 2915 720 2964 t.
853 2925 856 2928 ’

160 3093 296 3162 ingressus
312 3091 428 3143 faustam
454 3089 696 3160 comprecationem
718 3089 753 3141 ab
774 3089 826 3141 hoc
861 3089 970 3142 ontiiice
988 3089 1136 3158 accepisset
1154 3096 1185 3142 ut
1202 3092 1240 3142 ob

160 3165 288 3216 virtutem
304 3162 408 3231 ubique
428 3162 547 3228 gentium
568 3161 760 3224 celeberrimo,
780 3161 828 3230 qui
849 3177 891 3210 am
910 3159 1072 3223 sacerdotes,
1089 3161 1166 3229 iique
1174 3177 1241 3228 pru-

161 3233 331 3297 dentissimi,
348 3231 514 3284 dubitabant
530 3247 565 3284 an
581 3231 694 3284 Menuel
713 3232 803 3283 adhue
828 3230 987 3284 adolescens
1003 3247 1035 3281 ac
1051 3246 1122 3298 pene
1139 3230 1241 3282 imber-

160 3305 204 3356 bis
217 3313 324 3356 tantum
340 3303 484 3372 imperium
504 3301 693 3354 administrare
709 3309 816 3370 posset,
832 3301 907 3370 quod
923 3303 1010 3352 virum
1027 3299 1108 3351 senili
1119 3300 1240 3370 pruden-

160 3376 200 3427 tia
217 3375 371 3444 praeditum
397 3381 425 3424 et
449 3381 584 3424 maturum
603 3372 762 3440 postularet.
790 3371 890 3423 deinde
910 3389 945 3422 au
962 3370 1072 3421 fratrem
1088 3371 1238 3436 isaacium,

158 3447 208 3514 qui
228 3443 324 3495 urbem
349 3444 548 3513 imperatricem
575 3441 731 3504 obtineret,
760 3450 934 3512 superaturus
960 3449 1046 3504 esset,
1063 3441 1108 3491 eui
1124 3442 1238 3494 meliors

158 3515 219 3566 iure
235 3515 379 3584 imperinm
395 3513 546 3564 deberetur.
566 3520 624 3566 tum
639 3529 751 3580 magnus
779 3511 828 3562 ille
847 3512 889 3562 vir
907 3520 935 3562 et
952 3526 1015 3561 vere
1032 3509 1139 3564 divinus
1155 3511 1238 3565 homo

157 3585 188 3636 in
199 3585 272 3636 huno
282 3583 392 3636 modum
403 3583 558 3652 respondit:
571 3583 701 3646 „omniuo
712 3581 870 3634 adolescens
884 3582 936 3632 iste
948 3589 976 3633 et
984 3582 1126 3650 imperium
1138 3583 1238 3652 guber-

156 3657 237 3708 nabit
252 3663 280 3707 et
297 3657 406 3706 tratrem
421 3654 579 3722 superabit:
598 3651 637 3704 sic
655 3653 727 3704 enim
745 3669 761 3702 a
778 3651 830 3702 deo
849 3651 988 3703 decretum
1011 3660 1040 3704 et
1057 3654 1237 3707 constitutum

158 3735 206 3777 est
224 3733 361 3777 utentem
380 3740 411 3776 ea
434 3741 544 3794 quoque
561 3723 654 3774 sciatis
672 3722 705 3774 de
734 3721 834 3791 quibus
852 3738 908 3773 non
929 3723 1129 3791 interrogastis,
1156 3741 1237 3778 avum

156 3796 282 3848 Alexium
291 3803 380 3847 aetate
390 3795 501 3864 paulurn
513 3791 664 3864 superabit:
683 3791 732 3844 sed
742 3793 863 3844 instante
873 3792 949 3845 obitu
962 3793 1104 3846 insaniet.''
1114 3793 1144 3845 id
1156 3810 1236 3862 pras-

156 3866 260 3934 sagium
277 3873 306 3917 et
322 3865 390 3916 mihi
408 3873 436 3917 et
450 3864 512 3916 aliis
530 3863 653 3934 plurimis
671 3863 724 3914 luit
741 3861 852 3915 uotonis
869 3864 893 3915 is
913 3863 986 3915 enim
1004 3872 1079 3916 vates
1091 3880 1125 3915 ex
1142 3865 1236 3916 divino

155 3935 321 4006 baptismate
345 3953 389 3987 nse
406 3937 532 4004 suscepit.
560 3951 630 4004 quae
645 3942 736 3984 autem
755 3950 787 3984 ea
806 3935 912 3985 insania
928 3942 959 3986 st
973 3934 1124 3987 cuiusmodi
1143 3935 1234 3987 futura

156 4016 242 4070 esset,
269 4023 349 4058 uerno
369 4015 425 4058 tum
444 4013 516 4058 recte
536 4004 670 4056 coniicere
687 4004 799 4073 potuit:
817 4021 879 4056 nam
896 4005 944 4056 alii
963 4003 993 4056 id
1008 4005 1177 4074 praesagium
1197 4005 1236 4058 ad

154 4076 278 4128 insanam
296 4077 355 4126 nuri
383 4075 577 4144 cupiditatem,
602 4073 651 4124 alii
678 4071 715 4124 ad
739 4073 863 4127 libidinis
889 4075 1125 4145 intemperantiam
1142 4073 1235 4126 detor-

155 4146 285 4215 quebant.
304 4144 353 4199 sed
377 4164 437 4198 ousn
457 4145 544 4208 haec,
561 4161 642 4214 quam
671 4142 739 4207 dixi,
757 4147 939 4198 controversia
956 4146 1056 4214 agitata
1076 4153 1163 4208 esset,
1182 4145 1235 4196 ius-

153 4225 280 4287 peratore
297 4226 399 4271 temere
419 4215 552 4287 principio
570 4214 751 4270 contendeute
770 4215 964 4286 holosplsyrnsn
980 4217 1060 4276 illum
1069 4214 1233 4270 Machoncti
