3017 4892
252 321 332 410 108
503 313 504 322 ‘
564 345 737 414 ulcerare
764 343 1000 410 cuouumu

245 503 382 576 σιλείους
403 497 507 584 θύρας
527 497 734 580 tuoruum
755 499 811 562 καί
831 495 986 580 πρόσωπα
1006 490 1247 576 λαμβάνουσαν,
1268 485 1327 557 κόνι

244 597 363 676 τούτουΙ
375 596 419 680 μη
454 599 621 670 κανονικῶς
651 596 718 660 ἀλλ’
739 591 889 676 άθὲσμοος
908 593 962 658 καί
980 590 1099 675 θρόνου
1121 590 1177 655 καί
1196 590 1328 674 ποίμνης

247 691 343 764 adadu
370 691 618 761 άπελαόνουσαν.
662 695 731 782 τότε
762 697 866 759 τοίνυν
895 690 911 756 ό
935 691 1193 775 Κοντοστίφανος
1216 682 1261 764 εἷς
1281 684 1328 755 adr

233 800 308 862 τῶν
328 796 520 860 κυκλούντων
550 789 663 876 θρόνον
684 793 739 858 τόν
762 790 982 874 άνακτορικόν,
1005 793 1065 854 τῶν
1086 786 1271 870 ἐγγιζόντων
1292 810 1327 851 τε

244 900 374 976 βασιλεῖ
392 894 447 957 καί
460 893 772 974 προσδιαλεγομένων
792 886 1061 972 θαρραλεώτερον,
1083 884 1169 951 δεινά
1190 885 1355 968 πάσχον-5

244 1019 276 1058 τι
306 989 393 1080 ἐῴκει
423 988 475 1076 διά
497 987 554 1074 τὴν
590 993 646 1074 τῆς
676 991 870 1072 δεσποινικῆς
908 986 1021 1072 νηδύος
1050 988 1248 1070 ἐπιτίμησιν,
1274 984 1329 1048 καὶ

245 1089 304 1157 τόν
335 1087 476 1174 ζηλωτόν
508 1086 561 1153 ἐπὶ
599 1089 721 1165 τούτοις
751 1089 832 1170 ύπὲρ
866 1085 941 1161 τούς
969 1087 1173 1169 παρεστῶτας
1207 1079 1329 1158 πάντας

245 1192 461 1274 παρακαιρίως
497 1185 739 1270 ὑποκρινάμενος
768 1188 937 1272 ἐφίσταται
964 1188 1007 1270 eq]
1033 1181 1213 1268 πατριάρχη
1232 1174 1329 1266 βράτ-

164 1295 306 1354 Μᾰτων
326 1289 421 1374 θυμῷ
441 1287 497 1351 καί
517 1285 580 1362 πύξ
610 1283 749 1363 πατάξαι
778 1287 891 1349 τοῦτον
912 1280 1156 1364 διανοούμενος,
1180 1275 1237 1344 κάν
1256 1280 1328 1344 ἐπέ·

217 1461 221 1468 .
245 1409 321 1469 σχον
341 1381 454 1450 ἑαυτόν
474 1387 530 1468 τῆς
551 1383 663 1466 ὁρμῆς.
705 1385 800 1448 τούτο
830 1385 866 1448 δὲ
887 1375 960 1447 odae
989 1384 1032 1470 aqi
1051 1385 1179 1463 βασιλεῖ
1194 1377 1328 1463 ἔχέφρο·
1341 1405 1376 1448 10

245 1507 297 1559 νος
317 1483 407 1566 ἔργον
428 1479 534 1566 ἔδοξε,
557 1487 611 1547 καί
632 1479 767 1568 ἔδειξεν,
788 1477 834 1558 οἷς
858 1478 1074 1565 ἠγανάκτησε,
1100 1481 1225 1562 βαρέως
1247 1479 1330 1558 ἐνεγ-

245 1583 309 1648 uois
338 1581 372 1648 τό
403 1583 584 1664 γενόμενον·
620 1580 676 1646 καί
696 1581 724 1645 oi
746 1585 819 1646 καθ’
838 1576 919 1662 αἷμα
949 1581 986 1644 δὲ
1015 1584 1058 1668 τῷ
1081 1584 1211 1659 βασιλεῖ
1232 1599 1330 1640 συνα-

243 1677 391 1763 ντόμενοι
419 1682 475 1745 καί
498 1679 533 1746 τό
564 1679 782 1765 ξυμπαρεστός
814 1676 977 1765 γερούσιον
1005 1673 1048 1755 οός
1072 1675 1184 1741 α’νόσια
1217 1678 1331 1761 δρῶντι

243 1783 287 1868 τῷ
311 1776 558 1868 Κοντοστεφάνρι
588 1781 797 1862 ἐπέπληττον,
827 1776 908 1863 μήτε
929 1778 995 1861 μὴν
1012 1771 1180 1862 πεφρικότι
1199 1771 1258 1858 τήν
1277 1771 1330 1837 εύ-

244 1877 285 1964 ρύ
317 1877 403 1959 μάλα
433 1887 497 1954 τοῖς
526 1875 567 1942 τά
597 1881 731 1942 τοιαῦτα
758 1880 996 1962 παρανομοῦσιν
1017 1879 1243 1958 ἑπιχαίνουσαν
1262 1873 1328 1955 γῆν.
1342 1882 1378 1942 15

244 1976 343 2053 ου’τός
363 1982 397 2044 δὲ
423 1973 439 2041 ό
460 1978 658 2064 πατριάρχης
690 1979 807 2067 πραείρι
829 1973 948 2061 ούτωοί
964 1999 1030 2052 πως
1051 1971 1152 2060 ἔφησε
1173 1974 1212 2060 τῇ
1239 1973 1331 2059 φωνῇ

244 2070 365 2163 ,ἄφετε
385 2075 493 2160 ου’τόν,
527 2071 602 2144 όσον
629 2071 716 2142 ούπω
735 2077 794 2162 την
814 2081 931 2144 οἰκείαν
949 2081 1101 2163 πετραίαν
1123 2073 1329 2160 ληψόμενον,”

246 2176 303 2241 τόν
335 2179 453 2242 ἐκείνου
479 2172 579 2262 μόρον
606 2172 668 2265 δτιρ
685 2175 824 2260 ξυμβαίη
846 2177 952 2265 τρόπῳ
972 2178 1171 2262 γριφολογοῖν
1191 2165 1256 2236 οἶδε
1275 2171 1332 2237 καί

244 2271 470 2355 αἰνιττόμενος.
513 2276 543 2339 τί
566 2279 601 2338 δὲ
625 2279 681 2338 καί
699 2271 719 2358 ἦ
738 2274 864 2355 ductile
885 2273 939 2338 διά
957 2274 1089 2357 ταυτηνί
1107 2269 1166 2354 τήν
1184 2272 1329 2354 ἐπιτιμη-

248 2395 299 2438 σιν
317 2376 375 2438 τού
393 2371 512 2457 πατρός
547 2372 604 2436 ούκ
623 2365 737 2454 ἢκουσε
762 2372 876 2448 παιδός
895 2372 998 2458 μήτηρ
1021 2365 1177 2455 άρρενος,
1199 2374 1255 2433 τοῦ
1274 2375 1379 2448 lle-20

221 2473 289 2540 uui
317 2471 466 2552 τιμῶντος
498 2467 553 2534 τόν
588 2472 690 2535 αὑτοῦ
717 2470 897 2556 θεράποντα
917 2469 972 2534 καί
989 2470 1227 2555 θηλυτεκούσαν
1245 2472 1329 2547 dere·

247 2573 372 2646 λοῦντος
391 2572 466 2634 καθ’
491 2565 562 2639 ὅλον
582 2569 636 2634 τόν
664 2570 777 2654 ταύτης
795 2572 919 2652 βίοτον,
942 2565 1041 2644 αύτός
1057 2572 1116 2650 μὲν
1135 2572 1249 2654 σοφοῖς
1271 2568 1330 2632 ούκ

248 2665 360 2752 ἴσημι·
410 2665 460 2752 dyo
484 2667 549 2751 μὴν
578 2667 728 2751 βασιλεύς
763 2671 982 2753 εύγνωμονῶν,
1012 2666 1055 2745 οός
1075 2666 1192 2748 ἔδειξε,
1215 2670 1271 2732 καί
1286 2671 1331 2757 τογ’

248 2763 336 2844 ἔνδον
367 2771 421 2834 κατ’
447 2772 549 2856 οίκιίηι
582 2773 730 2858 κριτηρίῳ
761 2768 987 2856 πληττόμενος,
1016 2764 1062 2848 οἷς
1084 2762 1186 2854 όνδροι
1208 2769 1330 2831 δίκαιον

248 2993 297 3052 al,
318 2995 346 3040 et
364 3005 397 3040 ex
414 2990 571 3059 proceribus
600 2989 731 3060 quosdam
753 3007 865 3042 censura
884 2991 1065 3043 ecclesiastica
1083 2997 1173 3053 notat3
1194 2997 1224 3040 et
1238 2989 1330 3040 concl-

246 3057 315 3110 llum
333 3059 461 3112 eliciendi
480 3063 522 3112 sui
541 3077 620 3112 carisa
638 3061 781 3123 indictum,
801 3070 830 3112 ut
847 3060 921 3130 quod
938 3063 1034 3129 palatii
1053 3062 1124 3112 l'ores
1143 3061 1331 3128 frequentaret

247 3139 276 3182 et
293 3147 467 3199 personarum
492 3132 625 3207 rationepr
653 3131 786 3194 haberet,
812 3148 895 3201 seque
917 3149 966 3200 per
984 3132 1111 3183 iniuriam
1129 3139 1157 3181 et
1175 3137 1268 3180 contra
1287 3129 1331 3179 in-

247 3201 342 3254 stituta
360 3203 492 3254 maiorum
509 3201 573 3254 sede
591 3210 620 3253 et
636 3219 714 3270 grege
731 3203 862 3271 pelleret,
881 3203 1029 3255 insectatus
1048 3209 1096 3254 est
1132 3199 1331 3269 Contosteplta·

246 3285 298 3323 nus
319 3281 427 3336 autem,
452 3289 521 3324 unus
539 3289 573 3324 ex
593 3273 626 3323 iis
652 3274 700 3341 qui
720 3273 814 3324 sellam
835 3273 1004 3341 imperatorie
1023 3273 1224 3324 circumsistunt
1241 3277 1271 3321 et
1290 3269 1332 3320 la·

246 3342 380 3394 miliariua
398 3359 457 3394 cum
476 3360 509 3396 eo
529 3343 730 3413 colloquuntur,
750 3343 896 3412 aegerrime
920 3344 990 3394 ferre
1009 3360 1038 3395 ss
1055 3343 1149 3394 herilis
1169 3339 1242 3392 uteri
1267 3355 1332 3390 exe-

247 3412 394 3464 crationem
424 3413 599 3478 ostendebat;
622 3423 657 3465 et
682 3415 808 3465 simulata
834 3413 939 3482 ingenti
972 3431 1038 3483 prae
1059 3412 1173 3466 caeteris
1202 3409 1331 3462 omnibus

248 3480 452 3549 indignatione,
479 3485 519 3534 ira
541 3493 668 3536 aestuans
690 3482 870 3553 patriarcham
887 3485 1043 3553 aggreditur
1062 3483 1141 3554 quai
1155 3481 1260 3550 alapam
1281 3481 1333 3530 im·
1369 3475 1374 3482 “

246 3559 392 3621 pacturus,
414 3569 568 3623 quanquam
587 3554 621 3606 ab
636 3571 667 3606 eo
686 3554 739 3606 sibi
759 3556 928 3623 temperavit.
947 3555 976 3606 id
993 3571 1044 3606 nec
1062 3553 1219 3622 imperatori
1235 3549 1331 3603 corda-

246 3621 271 3673 tt
290 3620 408 3674 hominis
425 3622 526 3673 facttum
545 3641 602 3676 esee
619 3626 721 3692 visum,
738 3625 812 3694 qnod
831 3642 908 3676 suarm
931 3626 1062 3678 iudicium
1081 3621 1222 3675 iracundia
1239 3621 1332 3672 decla-

247 3691 329 3756 rarit3
359 3700 388 3743 et
417 3695 609 3762 consanguinei
631 3696 798 3763 imperatorii
818 3704 847 3748 ct
865 3704 975 3748 senatus
992 3693 1207 3763 Contostephani
1225 3692 1332 3744 lacinus

247 3761 382 3814 nefarium
410 3762 660 3831 reprehenderunt,
687 3767 734 3835 qui
761 3767 887 3818 tellurem
910 3776 986 3820 vasto
1015 3783 1062 3818 ore
1085 3765 1242 3816 hominibus
1261 3761 1331 3814 adeo

247 3832 350 3902 iniquis
372 3831 522 3884 inhiantem
541 3851 596 3885 non
616 3833 745 3888 horreret.
776 3838 836 3906 ipse
852 3854 915 3888 vero
933 3836 1085 3906 patriarcha
1104 3836 1163 3887 leni
1178 3850 1244 3887 voce
1262 3833 1333 3886 dixit

247 3904 349 3967 „sinite
369 3903 450 3956 istum
473 3904 581 3956 iamiam
600 3921 674 3956 auam
686 3907 823 3960 Petraeam
841 3908 1038 3976 accepturum.''
1056 3905 1158 3976 quibua
1176 3903 1264 3956 verbio
1282 3920 1333 3972 per

247 3973 373 4043 ambages
392 3975 524 4027 innuebat
550 3992 604 4045 quo
624 3977 718 4028 mortis
741 3993 838 4044 genere
854 3980 991 4046 periturus
1010 3986 1090 4029 esset
1107 3995 1143 4029 an
1163 3992 1226 4027 vero
1244 3974 1332 4042 irnpe-

247 4045 345 4096 ratorie
363 4045 481 4096 coniunx
511 4044 547 4096 ob
571 4047 649 4098 istam
677 4048 761 4116 patris
779 4049 976 4100 execrationem
996 4064 1082 4099 mares
1100 4065 1155 4099 non
1174 4043 1330 4114 pepererit,

248 4111 300 4166 deo
318 4131 423 4166 servum
449 4133 527 4168 auum
546 4116 696 4169 honorante
723 4126 806 4188 atque
825 4118 958 4170 efficiente
976 4127 1007 4169 ut
1027 4119 1075 4169 illa
1091 4135 1140 4188 per
1160 4130 1266 4166 omnem
1283 4128 1332 4164 ae-

247 4193 333 4238 tatem
350 4193 455 4238 tantum
480 4188 585 4256 puellas
605 4189 769 4251 eniteretur,
796 4188 922 4258 equidem
939 4205 995 4240 non
1013 4189 1079 4242 satis
1099 4189 1163 4240 scio.
1184 4187 1333 4253 imperator

247 4264 340 4312 ,autem
357 4265 429 4310 recte
450 4259 551 4313 sentire
569 4261 657 4324 uisus,
674 4275 734 4311 cum
755 4277 770 4311 a
790 4276 837 4312 sua
856 4260 1022 4314 conscientia
1039 4266 1214 4330 argueretur,
1234 4254 1269 4307 ob
1291 4255 1331 4306 ri·
