3017 4892
288 266 371 381 784
608 292 783 357 nicerte
811 290 1048 355 cunnum

284 442 449 521 θειότατε,
478 437 594 525 ου’ρανό
623 442 757 521 ε’πίγειε,
785 434 882 523 θρόνε
914 436 1008 523 δόξης
1037 437 1141 520 θεοῦ,
1170 439 1412 522 xenonem&

286 533 393 625 όχιγμα
405 588 416 619 ,
440 540 603 621 στερέωμα
626 538 789 622 δεύτερον,
821 542 969 618 α’γγέλλον
987 535 1045 619 τὴν
1065 541 1130 603 τοῖν
1147 542 1278 620 χειροῖν
1304 542 1407 601 θεοῦ

284 641 426 723 ποίησιν,
454 640 563 718 θέαμα
588 642 644 701 καί
674 638 765 718 ἔργον
793 631 937 700 ἓναδικόν
966 636 1021 699 καί
1046 629 1174 718 εῦριζον
1195 636 1314 720 πάσης
1334 640 1406 718 τῆς

283 740 341 819 γῆς
362 738 560 819 α’γαλλίαμας
590 738 645 802 καί
668 734 751 810 τίςό
783 731 1045 817 ἐπαγγελλόμενος
1063 736 1094 799 εἰ
1110 737 1157 819 μὴ
1177 735 1290 816 μόνος
1314 737 1336 797 ό
1362 741 1406 801 ἐν

283 830 330 912 οἷς
348 840 484 901 πέπονθε
505 834 689 920 πειρασθείς
710 842 776 911 τοῖς
796 836 1034 918 πειραζομένοις
1055 839 1184 918 βοηθεῖν
1198 834 1431 914 intortius-5

283 958 354 1015 νος,
375 935 430 998 καί
452 930 606 1020 ῥυόμενος
633 932 761 1015 πτωχόν
780 934 815 997 ἐκ
832 930 942 1015 χειρός
960 935 1172 1017 στερροτέραν
1192 935 1312 997 αὐτοῦ
1335 934 1406 997 καί

283 1033 408 1115 πτωχόν
427 1036 483 1096 καί
502 1036 616 1117 πένητα
637 1030 698 1097 άπὸ
718 1035 781 1097 τεόν
809 1028 1047 1112 διαρπαζόντων
1066 1026 1179 1114 αῦτόν,
1198 1033 1259 1097 καί
1280 1039 1403 1097 uernis

284 1131 386 1198 πάντα
405 1132 461 1195 καί
472 1132 716 1213 μετασκευάζων
737 1130 791 1194 cici
808 1129 889 1213 πρός
907 1129 943 1195 τό
965 1133 1121 1211 βέλτιον;”
1468 1177 1469 1225 p

254 1254 279 1307 1>
369 1234 402 1297 5.
448 1234 545 1297 Ταῦτ’
567 1228 815 1315 ἔξῦπεράντλου
830 1240 899 1305 ταῖς
912 1229 1072 1313 α’χθιγδόσι
1085 1233 1194 1313 ψυχῆς
1215 1229 1400 1296 xenaiam-
1467 1245 1468 1319 l

285 1356 337 1408 τες
357 1326 562 1415 πορευόμενοι
583 1326 823 1413 ἐπορευόμεθα,
850 1330 1008 1403 κλαίοντες
1028 1330 1084 1391 καί
1102 1329 1281 1411 βάλλοντες
1308 1330 1398 1405 τοῦς
1410 1359 1441 1397 se

282 1428 419 1515 θρήνους
438 1428 482 1504 ὥς
502 1432 677 1513 σπέρματα.
720 1430 750 1491 εί
769 1430 805 1491 δὲ
826 1432 880 1491 καί
898 1423 1064 1511 ἐρχόμενοι
1083 1423 1206 1509 ἥξομεν,
1230 1428 1397 1512 αἴροντες

283 1534 317 1596 όν
337 1523 525 1612 ἀγαλλιάσει
544 1527 582 1592 τοὶ
603 1530 659 1611 τῆς
682 1528 867 1611 όεξιωτὲρας
890 1522 1088 1600 άλλοιοόσεως
1106 1524 1294 1609 δράγματα,
1322 1532 1395 1592 δοῖ-

285 1650 340 1713 ρον
373 1630 467 1691 τοῦτο
493 1629 573 1690 θεοῦ
600 1630 657 1692 τοῦ
692 1627 950 1707 παρακαλοῦντος
968 1622 1049 1701 ,τοῦς
1082 1619 1309 1707 όλιγοψάχοως
1332 1627 1396 1692 καί

284 1729 440 1811 σωτηρίου
461 1726 675 1809 περιτιθέντος
694 1721 822 1805 ἱμάτιον
843 1722 901 1788 καί
917 1726 1041 1808 χιτιῦνα
1060 1726 1264 1809 εῦρροοῦιαγς
1287 1726 1392 1791 ἑνῦῦ·

284 1849 379 1902 οντος.
421 1828 538 1909 προῆγε
571 1826 604 1888 δὲ
627 1824 719 1907 ἡμῶν
740 1820 757 1885 ό
782 1821 994 1903 οἰκουμενικός
1014 1824 1225 1907 άρχιποίμρν,
1245 1823 1296 1908 paq*
1321 1826 1386 1909 τιν]-
1401 1833 1432 1895 15

285 1950 346 2011 ραν
370 1928 493 2012 φέρων,
512 1921 557 2007 μὴ
572 1922 695 2006 χρυσόν
716 1922 770 1987 ε’πί
788 1920 845 2006 τόν
864 1920 976 2008 όοφόν,
997 1916 1136 2006 ἆραβόος
1154 1926 1213 1987 καί
1232 1924 1389 1989 ‹inciuda-

285 2032 338 2101 λος
359 2028 414 2089 καί
438 2023 591 2107 χιτοόνιον
610 2024 643 2086 ἓν
671 2020 903 2106 περικείμενος,
925 2020 1051 2107 ἐντελής
1071 2021 1276 2105 εῦαγγελικός
1301 2024 1389 2088 cini·

285 2120 454 2207 οτολος,ἡ1
476 2126 596 2204 μάλλον
616 2125 672 2187 τοῦ
691 2123 836 2203 Χριστοῦ
859 2118 1040 2202 α’ντίμιμος,
1063 2124 1136 2184 καθ’
1158 2116 1235 2185 όσον
1258 2125 1387 2213 άναρίιρ

286 2224 434 2309 πτωχικρῖ
469 2220 682 2301 ἐποχούμενος
712 2222 883 2300 μεθιοτατο
905 2222 962 2302 τῆς
976 2222 1050 2294 νέας
1068 2216 1168 2299 Σιοόν,
1190 2223 1235 2283 οῦ
1253 2221 1316 2284 τόν
1337 2227 1388 2287 ἐπ’

286 2319 387 2402 αὐτῆς
406 2321 570 2401 ἐσχετλίαζε
592 2322 761 2403 θρίαμβον.
802 2315 874 2382 τότε
895 2320 927 2381 δ’
946 2310 1005 2381 οόν
1023 2322 1123 2401 πέρας
1140 2322 1198 2403 τῆς
1216 2318 1305 2384 όῦοῦ
1326 2324 1422 2405 τὴνσο

188 2440 279 2498 ΜΒ,
287 2420 469 2501 Σηλυβρίαν
490 2417 581 2500 ἡμεῖς
601 2416 732 2497 θέμενοι
752 2419 813 2479 τοῦ
833 2419 945 2479 λοιποῦ
957 2421 1015 2481 τοῦ
1034 2415 1150 2482 πλάνου
1171 2418 1384 2502 πεπαύμεθα,

288 2512 471 2601 ἇνῦβριοτοε
492 2518 626 2596 πανοικί,
646 2512 681 2579 τό
702 2516 785 2597 μέγα
806 2517 865 2578 τοῦ
885 2518 966 2579 θεοῦ
985 2515 1059 2602 περί
1071 2515 1155 2601 ἡμᾶς
1177 2522 1382 2605 φιλοτιμιγμσ

360 2720 386 2774 3.
405 2712 531 2787 εῦριζον]
552 2712 702 2782 εῦρροιζον
718 2714 746 2764 B.
823 2716 861 2782 sl.
880 2714 1083 2784 ῦπερτιθέντος
1098 2718 1128 2769 Β.
1182 2722 1222 2773 15.
1240 2718 1378 2789 α’ρχιπσῐ.

359 2785 427 2876 W]
448 2786 626 2855 “militm
642 2782 682 2855 pu}
700 2784 818 2839 ‘imin'
837 2786 912 2855 flur
929 2787 959 2837 B.
1057 2790 1096 2841 16.
1114 2788 1221 2863 ὀσφῦν]
1241 2792 1334 2858 (depr
1349 2794 1377 2844 Β,

359 2852 533 2931 deusdedus]
557 2856 730 2918 ἐξυπολυτος
749 2856 778 2907 Β.
876 2874 919 2912 αι.
939 2858 1113 2932 σρλυμβρίαν
1130 2859 1158 2910 Β.

291 3054 360 3107 lium
378 3050 480 3121 gloriae
499 3050 560 3115 dei,
579 3048 731 3103 Cherubice
750 3067 863 3115 currus,
880 3051 1077 3104 firmamentum
1095 3053 1228 3118 alterum,
1247 3056 1372 3110 fabricem

292 3140 421 3178 mannum
439 3121 483 3173 dei
504 3123 680 3182 annuntians,
699 3122 883 3191 spectaculum
897 3132 926 3173 et
943 3139 1010 3190 opus
1029 3124 1173 3191 singulare,
1192 3126 1298 3177 firmum
1314 3130 1373 3180 uni·
1467 3185 1468 3198 ρ

293 3211 388 3248 versae
406 3202 493 3245 terrae
513 3190 611 3244 decus?
631 3194 738 3261 etquis
769 3201 810 3244 est
830 3194 878 3262 qui
895 3190 1057 3261 pollicetur,
1077 3196 1131 3245 nisi
1150 3196 1173 3246 is
1191 3197 1265 3247 eolus
1282 3200 1372 3267 quiin

294 3274 391 3335 suopte
419 3263 552 3333 supplicio
573 3270 709 3326 tentatus,
737 3263 772 3314 iis
789 3265 837 3333 qui
853 3270 1003 3324 tentantur,
1022 3281 1175 3317 succurrere
1196 3266 1313 3320 didicit?
1328 3270 1372 3338 qui

294 3336 404 3404 inopem
418 3352 451 3385 ex
462 3350 541 3383 ananu
560 3332 701 3383 fortiorum
723 3342 752 3384 et
768 3350 914 3403 pauperem
927 3342 956 3385 et
973 3334 1154 3386 mendicum
1171 3338 1372 3405 praedatoribus

295 3406 396 3475 eripit,
415 3404 464 3474 qui
482 3405 572 3455 omnia
591 3404 658 3455 lacit
676 3418 707 3453 ac
727 3404 845 3455 subinde
861 3412 1008 3456 commutat
1022 3406 1052 3456 in
1069 3407 1174 3458 melini.

366 3480 391 3529 5.
408 3475 487 3543 Quae
505 3492 564 3525 cum
585 3491 618 3526 ex
635 3475 725 3525 animo
744 3474 884 3526 doloribus
902 3474 1072 3527 redundante
1089 3478 1288 3543 effudissemus,
1310 3498 1372 3534 enn-

295 3545 416 3597 tinenter
436 3545 540 3596 ibamus
558 3544 695 3615 plorantes
714 3550 742 3594 et
761 3544 885 3596 lacrimas
904 3554 1034 3614 tanquam
1052 3549 1155 3599 semina
1173 3560 1334 3619 spargentes.
1350 3554 1370 3605 si

295 3629 359 3669 sero
377 3612 491 3665 redituri
510 3632 601 3667 sumus
620 3615 797 3683 prosperioris
815 3617 974 3669 mutationis
991 3618 1147 3686 manipulos
1164 3622 1310 3684 collecturi,
1328 3623 1369 3673 dei

295 3700 393 3737 munus
412 3684 442 3734 id
459 3686 525 3747 erit,
543 3687 592 3756 qui
611 3686 798 3755 pusillanimes
820 3687 978 3750 confirmat,
998 3688 1046 3757 qui
1065 3704 1110 3739 eus
1129 3692 1226 3743 salutis
1243 3701 1314 3744 reste
1331 3696 1370 3744 ἰα·

296 3754 359 3807 duit
376 3760 404 3803 et
422 3754 514 3805 tunica
533 3756 656 3808 laetitiae
681 3756 781 3807 amicit.
799 3758 980 3810 antecedebat
1003 3767 1094 3810 autem
1112 3778 1162 3812 nus
1181 3762 1368 3815 oecumenicus

297 3840 415 3878 summus
443 3833 549 3891 pastor,
567 3842 623 3879 nnn
647 3842 740 3895 peram
759 3829 865 3891 serens,
883 3846 940 3881 uon
957 3846 1051 3880 aurum
1069 3832 1098 3881 in
1115 3847 1200 3896 zona,
1219 3835 1279 3885 sine
1293 3833 1368 3884 bacu-

296 3898 340 3959 lo,
358 3895 416 3946 sine
436 3893 542 3957 calceis,
561 3914 614 3947 uns
634 3898 757 3949 tunicula
774 3898 900 3960 indutus,
920 3901 1029 3967 integer
1043 3904 1211 3970 evangelicus
1231 3906 1367 3973 apostolus.

220 3968 227 3973 '
298 3974 346 4019 arat
364 3966 454 4035 potius
487 3962 586 4017 Christi
616 3968 770 4037 exemplar,
798 3976 931 4038 quatenns
960 3987 1078 4039 paupere
1097 3976 1184 4025 asello
1201 3984 1291 4027 vectus
1306 3992 1368 4026 nura

298 4039 381 4090 Sione
401 4032 567 4097 discedebat,
585 4048 745 4089 nouantem
765 4040 936 4109 triumphans
953 4042 1027 4091 illum
1045 4043 1255 4110 ingrediebatur.
1272 4064 1300 4095 ac
1315 4055 1368 4097 tum

298 4126 348 4161 nos
366 4104 516 4173 Selybriam
544 4106 659 4175 profecti
688 4110 814 4161 oberrare
840 4112 1009 4172 destitimus,
1037 4121 1094 4163 tota
1113 4116 1214 4166 familia
1234 4117 1367 4175 inuiolata,

300 4194 370 4251 quae
389 4193 484 4248 magne
511 4176 557 4231 dei
574 4176 724 4233 liberalitas
743 4190 785 4233 est
802 4189 829 4233 et
846 4183 1008 4251 sempiterna
1027 4186 1203 4257 perfectaque
1219 4187 1383 4252 munificae,
