3017 4892
330 322 384 407 50
673 346 846 414 arcesse
880 347 1114 413 cnonrrasr:

325 521 359 576 ας
380 499 480 564 αῦτοῦ
509 498 709 582 προσειπών,
736 489 798 561 ῦσα
828 496 884 561 καί
901 491 1055 572 Ἡλιάδας
1076 498 1127 562 ἐπ’
1148 488 1237 583 αῦτηλ
1256 491 1407 584 ἀφιείσας

323 598 516 682 η’λεκτρῶδες
537 591 690 680 δάκρυον,
712 592 770 679 την
798 592 942 680 Φρυγῶν
961 595 1147 680 παρελθῶν,
1164 593 1223 680 την
1246 597 1277 659 δ’
1294 596 1405 663 Ἀττά-

323 702 380 762 λου
408 689 631 778 λαμπροτάτην
672 687 763 756 πόλιν
800 692 1011 774 καταλαβών,
1048 696 1266 779 χρονοτριβεῖν
1306 695 1406 761 ἐκεῖσε

322 797 490 880 προέθετο,
514 786 596 868 ὅπως
613 788 671 866 τάς
686 794 775 876 πέριξ
791 791 903 876 ταῦτης
917 789 1024 868 πόλεις
1043 794 1100 856 καί
1113 791 1222 876 χώρας
1241 790 1361 874 μοῖλλῦν
1372 817 1405 858 τι

321 891 400 980 πρὸς
420 889 455 956 τδ
479 884 518 956 esi
538 895 719 972 μεταθοιτο.
740 885 800 974 ἤδη
820 891 881 975 γὰρ
903 891 959 954 καί
976 890 1094 956 τούτων
1112 889 1195 956 ἔνιαι
1216 899 1282 966 τοῖς
1307 887 1433 976 Toup-5

322 1014 388 1066 καις
407 990 585 1074 ἀπέκοψαν,
606 992 641 1056 δν
664 983 714 1065 αἷς
734 982 775 1072 ἧν
795 991 850 1053 καί
867 988 888 1073 ἦ
923 991 981 1053 τοῦ
1004 990 1197 1073 Πουσγοῦση
1227 993 1404 1076 καλουμένη

322 1190 480 1272 τειναμένη
503 1190 536 1252 ἐν
557 1177 681 1264 πολλοῖς
699 1189 829 1272 νησῖδας
846 1180 969 1269 ἀνίσχει
983 1188 1248 1271 περιβεβλημένας
1267 1191 1404 1271 τείχεσιν

291 1291 473 1376 Βίσχυροῖς.
495 1279 596 1376 ᾤκουν
612 1287 671 1368 μὲν
694 1277 748 1351 οῦν
768 1283 882 1360 ταῦτας
901 1283 1046 1370 τηνικάδε
1066 1288 1181 1369 καιροῦ
1200 1289 1403 1364 Χριστιανῶν

319 1383 429 1468 ἑσμοί,
451 1387 484 1451 oi
503 1383 558 1449 καί
576 1386 629 1450 διὰ
662 1388 786 1466 λέμβων
809 1383 865 1448 καί
883 1385 1104 1460 ἀκατίωντσῖς
1121 1384 1282 1450 Ἰκονιεῦσι
1299 1381 1400 1469 Τοῦρ.
1413 1415 1452 1458 10

320 1507 386 1558 κοις
418 1482 655 1568 ἐπιμιγνύμενοι
691 1483 731 1547 οῦ
765 1478 861 1564 μόνον
895 1479 953 1567 την
986 1481 1066 1567 πρὸς
1102 1480 1258 1567 ἀλλήλους
1292 1487 1402 1569 φιλίαν

320 1583 465 1648 ἐντεῦθεν
490 1579 688 1667 ε’κράτυναν,
716 1575 796 1645 ἀλλά
816 1584 872 1646 καί
890 1589 955 1657 τοῖς
975 1581 1221 1666 ἐπιτηδεύμασιν
1241 1577 1348 1646 αῦτῶν
1367 1585 1402 1649 ἀν

320 1683 441 1746 πλείοσι
462 1679 724 1765 προσεσχήκασιν.
745 1674 855 1759 ἀμέλει
874 1679 929 1743 καί
945 1677 988 1754 ῶς
1003 1678 1172 1765 δμορσῦσιν
1186 1683 1292 1757 αάτοῖς
1305 1705 1403 1767 προσ.

318 1783 481 1861 τιθέμενοι
500 1781 676 1860 Ῥωμαίους
708 1778 751 1853 ῶς
782 1776 920 1862 ἐχθροῦς
949 1778 1179 1861 ῦπεβλέποντυ·
1221 1777 1304 1845 οῦτια
1322 1779 1401 1865 χρῦ-

318 1899 360 1965 νιρ
388 1878 561 1958 κρατονθὲν
582 1876 654 1952 ε’θος
681 1879 790 1959 γένους
817 1875 871 1941 καί
889 1881 1059 1962 θρησκείας
1077 1879 1163 1943 εὀτίν
1182 1875 1399 1966 ἰσχυρότερον.
1412 1881 1454 1944 ι5

318 1967 393 2038 ὅθεν
412 1973 468 2038 καί
495 1973 601 2055 οἱμὲν
623 1969 666 2049 ῶς
688 1975 858 2039 ἀντίπαλον
886 1971 941 2039 τὸν
961 1978 1095 2056 βασιλέα
1113 1980 1214 2051 κακῶς
1235 1974 1399 2062 ἔφασκον,

317 2073 389 2156 μηδ’
408 2071 573 2154 ἀποκόψαι
588 2066 668 2150 ὅλως
688 2081 754 2148 τοῖς
776 2073 877 2137 ου’τοῦ
890 2078 1021 2155 θεσμοῖς
1044 2073 1333 2159 ἀπηυθαδιάζσντο,
1354 2079 1400 2164 spi

319 2166 406 2256 ῦγρῷ
427 2175 586 2254 φυσῶντες
609 2173 745 2256 ζωστῆρι
766 2174 821 2255 τῆς
841 2171 976 2256 λίμνης,
995 2160 1050 2236 καί
1069 2171 1092 2236 ἀ
1113 2173 1170 2236 οῦκ
1192 2169 1232 2237 ἀν
1249 2173 1402 2262 ᾠήθησαν

319 2271 523 2352 φρονοῦντες,
544 2272 636 2332 ταῦθ’
658 2269 701 2344 ῶς
721 2273 999 2354 παραφρονοῦντες
1013 2271 1281 2356 διαπραττόμενοι.
1324 2270 1342 2336 ὁ
1364 2272 1401 2336 tt

317 2367 534 2446 μεθίστασθαι
564 2364 696 2454 παρῄνει
716 2371 770 2453 τῆς
791 2373 902 2453 λίμνης
925 2367 968 2444 ῶς
985 2371 1125 2433 παλαιοῦ
1139 2369 1306 2450 Ῥωμαίων
1327 2369 1454 2455 utri-ao

287 2479 436 2547 ῦματος,
456 2464 511 2530 καί
526 2469 673 2551 καθαρῶς
689 2476 887 2553 προσχωρεῖν
906 2477 969 2543 τοῖς
989 2469 1144 2554 Πέρσαις,
1166 2472 1196 2534 εί
1214 2472 1303 2549 τοῦτο
1322 2467 1401 2553 βοῦ-

317 2569 437 2626 λοιντο·
486 2566 517 2628 εἰ
547 2567 582 2630 δὲ
607 2563 652 2650 μη
685 2561 769 2630 οῦτω
791 2568 909 2655 δρῷεν,
942 2566 1000 2630 οάκ
1029 2562 1069 2631 ἀν
1099 2569 1298 2651 ἀνασχέσθαι
1318 2563 1401 2645 ῦλοος

318 2662 530 2746 διισχυρίζετο
552 2661 669 2739 αῦτοῦς
687 2688 721 2730 τε
750 2664 806 2731 καί
825 2664 882 2750 την
903 2667 1019 2751 λίμνην·
1032 2668 1245 2743 ἀπεξενῶσθαι
1261 2667 1401 2749 Ῥωμαί-

386 2843 411 2880 2.
429 2821 481 2892 την
500 2827 679 2904 intrusos]
697 2832 737 2890 είς
758 2829 906 2886 ἀττάλειαν
925 2832 1098 2898 καταντήσας
1108 2834 1138 2884 Β.
1209 2834 1241 2887 5:
1260 2830 1399 2903 μετάδου-

386 2899 429 2970 το]
449 2899 580 2952 διτίθοιτα
601 2903 631 2952 Α.
722 2921 747 2972 9.
766 2903 905 2976 ἰσχυροῖς]
931 2906 1064 2974 ἐρυμνοῖς
1080 2905 1111 2955 Α.
1186 2921 1224 2958 ιι.
1244 2905 1280 2954 οδ
1301 2903 1400 2974 μόνον

388 2961 507 3036 στερείιν
533 2969 612 3040 εἶχον
628 2971 732 3041 φιλίαν
749 2972 820 3024 ἀλλὰ
838 2977 886 3026 καῖ
903 2964 937 3026 τοὶ
956 2972 1078 3044 χρειώδη
1097 2972 1191 3026 αὐτῶν
1218 2973 1311 3028 πάντα
1328 2975 1399 3044 παρ’

386 3037 483 3097 αάτσῑτ
503 3042 668 3108 ἐπορίζοντο
685 3042 715 3093 Β.
772 3048 861 3114 apro!
878 3043 966 3116 ὑγρῷ]
986 3046 1023 3114 τῷ
1041 3049 1089 3110 τηε
1105 3047 1204 3117 λίμνης
1220 3044 1399 3117 ίγκαυχοῖμε-

384 3127 432 3165 νοι
450 3124 497 3163 ose
514 3111 639 3182 ρειδματι
657 3113 685 3162 Β.

315 3255 370 3298 star
387 3245 529 3309 flentibus,
554 3246 693 3316 Phrygiam
722 3257 922 3318 praetervectus
954 3249 990 3302 ad
1007 3250 1180 3302 clarissimam
1198 3249 1283 3302 Attali
1301 3249 1397 3304 urbem

316 3319 473 3368 commorari
492 3318 595 3381 statuit,
614 3327 645 3371 ut
664 3319 780 3372 finitima
796 3321 897 3390 oppida
915 3328 944 3372 et
960 3322 1112 3390 provincias
1130 3320 1229 3371 rectius
1246 3321 1398 3372 constitue-

317 3393 372 3448 τοι,
392 3402 504 3452 quarum
521 3389 669 3440 nonnullae
690 3389 743 3441 iarn
761 3407 776 3440 a
794 3391 891 3442 Turcis
915 3391 1042 3443 subactae
1061 3399 1144 3442 erunt.
1163 3391 1191 3441 in
1210 3407 1265 3458 quo
1283 3408 1397 3444 numero

318 3455 400 3505 etiarn
420 3455 534 3522 Pusgusa
559 3460 637 3527 palus
660 3459 730 3525 fuit,
759 3476 829 3529 quae
847 3478 908 3512 oum
931 3463 1016 3514 instar
1036 3462 1117 3513 maris
1134 3461 1266 3512 latissime
1285 3469 1396 3530 pateat,

317 3525 409 3576 multis
427 3525 456 3574 in
473 3525 540 3577 locis
556 3545 650 3596 parvas
676 3529 761 3581 habet
777 3531 895 3595 insulas,
914 3531 996 3584 firmis
1014 3533 1131 3584 munitos
1150 3531 1307 3596 moenibus,
1328 3549 1398 3602 quas

319 3609 351 3644 eo
371 3602 490 3662 tempore
509 3595 654 3650 Christiani
677 3600 788 3670 plurimi
810 3601 958 3668 tenebant,
977 3605 1024 3673 qui
1041 3621 1101 3654 cum
1118 3601 1215 3653 lembis
1239 3610 1267 3653 et
1285 3603 1400 3653 navicu-

318 3663 353 3714 lis
380 3665 533 3716 laonienses
559 3667 660 3721 Tureas
689 3671 811 3734 adirent,
832 3690 887 3724 non
905 3673 987 3726 modo
1006 3675 1152 3725 amicitiam
1170 3690 1231 3725 oum
1249 3672 1288 3723 eia
1307 3673 1400 3723 firma-

319 3741 396 3796 rant,
423 3733 471 3784 sed
498 3742 525 3786 et
552 3737 684 3791 institutis
711 3759 804 3793 eorum
823 3743 961 3812 plerisque
983 3745 1145 3805 utebantur,
1165 3752 1194 3796 et
1208 3760 1267 3796 cum
1280 3742 1318 3793 eis
1335 3751 1400 3794 tan-

319 3821 399 3874 quam
419 3804 540 3858 finitimis
559 3809 695 3861 coniuncti
708 3815 841 3864 Romanos
858 3823 890 3865 ut
904 3813 1207 3883 nostesaversabautur.
1225 3816 1264 3866 ita
1283 3829 1401 3864 eonsue-

261 3902 265 3910 ·
318 3875 386 3927 tudo
403 3883 524 3943 tempore
542 3877 698 3932 confirmata
715 3884 776 3950 plus
795 3893 824 3935 et
840 3886 946 3935 ratione
965 3893 993 3935 et
1007 3884 1138 3950 religione
1152 3885 1232 3936 valet
1251 3884 1332 3952 igitur
1348 3883 1401 3936 alii

320 3947 475 4014 imperatori
501 3953 533 3997 ut
561 3939 874 4017 hosti'nraledicebant,
898 3963 927 4009 et
945 3955 1003 4005 eius
1021 3953 1110 4004 edicta
1133 3955 1328 4006 contumaciter
1354 3971 1401 4006 re-

320 4015 468 4084 spuebant,
487 4016 595 4084 paiudis
614 4021 717 4072 ambitu
736 4023 812 4089 freti,
838 4033 866 4076 et
883 4041 953 4093 quas
977 4041 1042 4074 sana
1059 4033 1150 4077 mente
1168 4040 1307 4093 nunquam
1324 4025 1401 4092 cogi-

321 4093 437 4148 tassent,
460 4103 491 4136 ea
518 4105 566 4157 per
592 4092 743 4142 vecordiam
775 4094 871 4145 animis
899 4092 1046 4161 agitabant.
1072 4112 1132 4146 cum
1149 4107 1212 4146 vero
1230 4093 1331 4161 palude
1350 4111 1399 4147 eos

322 4155 418 4208 cedere
432 4165 464 4208 ut
479 4159 656 4210 Romanorum
673 4164 766 4213 ‘veteri
785 4165 973 4232 possessione,
994 4174 1022 4216 et
1038 4166 1121 4235 plane
1138 4165 1173 4216 ad
1190 4165 1280 4217 Persas
1297 4166 1400 4215 transi-

324 4242 369 4292 re,
384 4227 408 4280 si
423 4227 534 4294 vellent,
551 4229 658 4284 iuberet
674 4231 790 4304 (alioqui
808 4242 836 4288 et
851 4235 971 4307 ipsorum
989 4243 1017 4290 et
1034 4235 1143 4309 paludis
1159 4235 1309 4289 aliomanis
1329 4235 1401 4289 slie-
