3017 4892
350 341 405 404 uu
430 336 624 404 usuum
652 337 850 406 couuuuo
880 345 955 407 uu
973 346 1043 409 uu.
1142 315 1224 404 οδε

150 491 207 560 κοτ’
226 494 283 579 τῆς
307 496 500 575 πολυοχλίας
521 488 770 574 α’πανιοτάμενος
796 493 853 557 καί
870 484 953 568 άπας
972 497 1029 578 τῆς
1047 496 1235 576 νοσοκομίοις

149 591 318 676 γινὺμενος,
339 591 580 669 διαπλωΐζονται
595 593 692 656 ἐκεῖσε
703 594 856 677 βασιλικῷ
876 590 1061 676 ἐπιτάγματι
1081 586 1099 656 ὅ
1117 618 1150 660 τε
1169 596 1233 660 τών

150 692 326 778 α’ρχιερδων
339 691 488 772 ου’λλογος
508 687 563 753 καί
575 685 646 754 ὅσοι
667 687 701 752 τὸ
716 694 880 773 πρεσβεῖον
893 693 928 755 ἐκ
943 694 1006 757 τών
1022 689 1122 774 λόγων
1141 690 1233 778 ἐκτη-

150 812 259 856 οαντο.
282 791 352 854 ἀλλ’
374 781 462 852 odam
480 791 628 875 καθαρῶς
646 793 709 854 τών
726 789 906 871 λεμβαδίων
924 791 1095 876 α’πὲβησαν,
1113 796 1172 857 κατ’
1186 815 1235 868 τις

118 890 217 956 stota
228 884 317 974 παρὰ
331 891 376 975 τῷ
393 892 524 970 βασιλεῖ
538 891 715 974 παρρησίαν
734 884 870 970 ἐχόντων
888 891 944 954 κατ’
965 887 1004 954 τά
1023 893 1155 973 μέγιστα
1176 894 1236 955 δυ.

152 989 297 1069 νομένων
309 985 580 1071 ὑπογραμματέων
601 989 782 1072 ἐφίσταται.
825 984 844 1050 ὅ
868 985 1063 1072 Ματζοώκης
1082 981 1121 1070 ἦν
1144 981 1237 1066 οὗτος

154 1087 337 1171 Θεόδωρος,
365 1085 420 1151 κατ’
437 1083 516 1168 πρός
536 1107 571 1150 τε
605 1084 659 1152 τὸν
678 1083 877 1170 πατριάρχην
896 1084 953 1150 καὶ
970 1083 1029 1172 την
1047 1091 1112 1152 τών
1126 1084 1236 1173 άρχιε-

151 1189 231 1273 ρέων
255 1181 409 1270 ὁμήγυριν
431 1179 598 1269 τὸνλόγον
622 1181 865 1266 ἀποτεινόμενος
889 1183 946 1270 την
966 1189 1027 1268 μὲν
1047 1189 1080 1265 ἐς
1102 1185 1159 1252 τὸν
1176 1191 1264 1270 flos-B

152 1287 243 1353 οιλέα
272 1281 410 1369 πάροδον
430 1282 474 1368 μὴ
502 1279 583 1350 εἶναι
610 1281 708 1370 ἔφησε
732 1283 804 1350 νυνὶ
821 1282 954 1371 ε’φικτὴν
981 1284 1035 1351 διά
1055 1311 1086 1353 τι
1105 1292 1275 1372 nupero-V.
1290 1294 1337 1347 ιι5
1410 1358 1416 1370 ,

105 1386 282 1471 ιοφρῆσαν
307 1385 343 1448 ἐκ
370 1385 427 1467 τῆς
462 1381 552 1448 νόσου
581 1381 747 1466 ἐμπόδιον,
777 1386 818 1471 τῇ
844 1384 882 1471 δὲ
911 1384 1029 1450 τούτων
1062 1385 1238 1468 ἀναγνώσει

151 1485 322 1568 προσέχειν
346 1478 469 1568 χρεών,
500 1480 576 1558 τούς
605 1481 730 1566 χάρτας
760 1483 870 1563 δείξας
900 1485 1009 1560 αὐτοῖς
1028 1483 1102 1560 τούς
1129 1489 1163 1550 ἐν
1181 1507 1236 1567 χε·
1350 1522 1359 1531 -

152 1589 229 1668 ροῖν.
270 1575 312 1670 ἤν
333 1584 368 1648 δὲ
389 1580 407 1646 ὅ
425 1586 485 1664 μὲν
513 1583 588 1668 περὶ
611 1585 670 1648 τοῦ
698 1583 902 1668 προκειμένου
927 1581 1080 1667 δόγματος
1101 1588 1235 1666 διαλαμ-

151 1679 270 1766 βάνων,
296 1676 354 1766 ὅν,
375 1680 418 1758 ώς
438 1679 624 1766 εἰρήκαμεν,
645 1682 831 1766 δπογράψαι
849 1683 924 1759 τούς
943 1683 1157 1759 συνελθόντας
1176 1683 1236 1766 dp-

152 1790 270 1868 χεερεῖς
294 1779 348 1847 διά
368 1783 510 1866 σπουδῆς
530 1777 546 1846 ὃ
565 1781 766 1868 ατῖτοκράτωρ
791 1784 930 1848 eiuro·
972 1783 988 1849 ὅ
1011 1787 1039 1850 δ’
1058 1785 1161 1868 ἕτερος
1180 1782 1235 1848 τὸν

110 1883 286 1964 stromata
306 1877 389 1964 ἔχων
415 1881 632 1965 διαλεγόμενον
649 1884 692 1970 τῷ
722 1883 927 1965 α’ρχιπσίμενί
943 1907 978 1948 τε
1000 1884 1160 1970 Θεοδοσιλρ
1182 1879 1239 1947 κατ’

151 1981 189 2067 τῇ
205 1975 328 2068 συνόδῳ
347 1980 440 2046 ου’δὲν
472 1978 598 2065 μέτριον
618 1980 693 2043 addi
718 1979 836 2065 χάριεν
858 1980 992 2070 διεξῄει,
1024 1980 1105 2046 ἀλλά
1125 1979 1181 2045 καὶ
1197 1983 1237 2068 τῇ

151 2078 298 2145 ἐνστάσει
314 2079 371 2144 τοῦ
389 2077 590 2164 πατριάρχου
608 2081 662 2144 καί
682 2081 743 2142 τών
755 2077 817 2142 σάν
830 2078 918 2166 adrui
940 2081 1116 2161 ἀρχιερέων
1135 2075 1235 2163 ώςμη

151 2176 232 2244 κατά
251 2175 340 2262 λόγον
357 2181 502 2266 γενομένῃ
521 2176 774 2264 ἐπιμεμφόμενος
786 2179 973 2262 διηπειλεῖτο
992 2179 1132 2259 μείζονος
1142 2175 1237 2242 συνό-

154 2281 211 2343 δου
228 2275 444 2364 συγκρότησιν,
465 2275 520 2342 καί
538 2275 595 2364 τὴν
606 2282 675 2359 μετ’
686 2277 787 2342 ου’τοῦ
807 2279 867 2341 τοῦ
878 2279 968 2340 πάπα
987 2280 1043 2362 τῆς
1063 2278 1237 2361 πρεσβυτὲ-
1260 2359 1266 2367 ¹

105 2401 214 2463 οορας
238 2373 361 2464 Ῥώμης
385 2381 447 2444 τών
465 2379 676 2463 προκειμένων
702 2376 867 2458 ἐπώμνυτο
890 2373 1071 2459 διάσκεψιν.
1111 2373 1264 2459 ,,άγνώ·0

152 2501 223 2560 μων
243 2477 305 2564 γάρ
336 2471 377 2542 dv
405 2473 488 2563 εἴην”
513 2475 600 2562 ε’λεγε
617 2480 695 2559 ,κατ’
726 2475 909 2558 α’λόγιστος,
934 2478 965 2541 εἰ
981 2474 1028 2559 μὴ
1063 2473 1235 2541 πολλοστὸν
1315 2477 1321 2500 ’

153 2575 313 2660 ἀντιδοίην
324 2579 421 2661 μέρος
430 2577 473 2665 τῷ
493 2579 559 2666 ἐμῷ
577 2577 750 2665 βασιλευτῇ
763 2577 820 2641 καί
828 2580 958 2659 βασιλεῖ
973 2579 1036 2639 τών
1054 2568 1136 2640 ὅλων
1156 2579 1233 2663 θεῷ,

154 2669 200 2742 ὧν
230 2678 352 2743 ἐκεῖθεν
383 2675 562 2763 κρειττόνως
592 2675 729 2762 ἔσχηκα,
755 2680 862 2742 πάσαν
888 2675 1029 2760 σπονδὴν
1053 2674 1234 2758 εἰσενεγκών

155 2771 237 2842 ώστε
254 2774 300 2862 μὴ
322 2778 433 2841 τοῦτον
463 2775 641 2857 άναθὲματι
667 2771 969 2857 καθυποβάλλεσδαι
990 2772 1139 2858 α’ληδινόν
1158 2766 1234 2838 ὄντα

105 2869 260 2946 25δεόκ.”
300 2878 451 2941 τοσοῦτον
480 2876 517 2940 δὲ
539 2877 596 2941 τοῦ
627 2876 861 2960 διαδροηθῆκαι
885 2880 949 2950 τοῖς
970 2875 1122 2948 τοιούτοις
1142 2873 1234 2936 turt-

223 3031 250 3085 5·
266 3022 312 3100 εδ]
331 3026 487 3095 rdrvulgo.
555 3026 580 3078 6.
596 3023 791 3096 ματζουκδκητ
806 3026 839 3078 Δ.
925 3025 965 3078 15.
984 3020 1126 3092 Θεοδοοληι
1143 3037 1187 3074 om
1202 3023 1233 3074 Δ.

223 3100 267 3154 25.
283 3105 344 3158 τοῖς
364 3097 506 3154 τοιούτοις
524 3111 567 3147 oru
585 3097 616 3148 Δ.
1292 3115 1294 3119 -

156 3237 305 3298 Darnalim,
324 3234 398 3305 quod
414 3233 566 3286 scutarium
583 3232 699 3297 dicitur,
716 3241 774 3286 tum
792 3232 828 3284 ad
844 3230 981 3283 vitandam
997 3227 1104 3282 turbam
1122 3235 1179 3280 tum
1196 3228 1234 3278 ob

155 3309 226 3360 airis
244 3307 402 3375 temperiem
418 3313 583 3368 versaretur,
601 3313 674 3356 totus
692 3302 827 3356 curandae
846 3301 997 3354 valetudini
1016 3301 1159 3360 intentus,
1178 3299 1235 3350 ius-

156 3395 188 3430 su
216 3377 275 3428 eius
303 3377 463 3446 pontificum
487 3375 631 3444 collegium
657 3381 685 3426 et
712 3374 889 3425 eruditissimi
908 3373 1011 3440 quiquo
1031 3386 1064 3420 eo
1085 3368 1235 3421 traiiciunt.

156 3448 284 3518 quicum
309 3448 354 3500 vix
372 3464 405 3497 ex
434 3446 564 3497 lintribus
592 3443 811 3508 descendissent,
832 3441 994 3496 Theodorus
1011 3441 1135 3504 Mazuca,
1152 3437 1234 3491 homo

155 3518 230 3586 apud
249 3521 438 3588 imperatorem
456 3517 587 3586 gratiosus
600 3523 629 3568 et
645 3516 718 3567 inter
728 3515 830 3566 scribas
847 3513 1009 3564 auctoritate
1028 3513 1164 3580 princeps,
1185 3510 1234 3562 ad·

155 3597 212 3654 τοι,
230 3595 259 3641 et
275 3590 399 3641 orations
415 3587 450 3638 ad
468 3585 647 3656 patriarcham
667 3593 695 3636 et
710 3585 870 3654 pontificum
887 3582 1030 3651 collegium
1049 3582 1234 3634 institutaim-

192 3667 308 3710 ratorem
337 3675 410 3710 nunc
431 3658 501 3710 adiri
530 3673 609 3726 posse
625 3663 706 3724 negat
726 3654 762 3706 ob
779 3654 867 3705 morbi
888 3653 1022 3724 quandam
1041 3653 1235 3716 accessionem,

168 3731 262 3781 itteras
280 3746 343 3781 vero
363 3747 430 3798 quas
447 3744 529 3780 manu
546 3734 668 3789 teneret,
698 3741 757 3778 esse
776 3723 934 3776 audiendas.
954 3723 1071 3792 agebant
1085 3731 1175 3776 autem
1194 3724 1236 3774 al-

155 3807 232 3852 terae
250 3799 286 3852 de
302 3801 441 3870 proposito
463 3799 601 3868 dogmate,
619 3798 719 3866 quibus
739 3812 754 3845 a
770 3795 945 3865 pontificibus
955 3794 1088 3847 subscribi
1106 3794 1238 3863 cupiebat

157 3870 321 3940 imperator3
350 3871 451 3922 alterae
470 3869 520 3921 sub
541 3883 655 3942 persona
676 3866 797 3918 eiusdem
818 3883 879 3916 cum
897 3883 1001 3918 summo
1018 3875 1127 3935 pastore
1143 3864 1236 3916 Theo·

156 3939 234 3993 dosio
252 3949 282 3993 et
298 3941 474 4010 pontificibus
502 3938 537 3989 ob
556 3947 758 4009 praeposteram
785 3936 998 3989 adversationem
1017 3935 1236 4005 expostulantes,

155 4012 243 4064 maius
267 4012 413 4063 concilium
434 4009 627 4072 minabantur,
651 4017 679 4060 et
703 4008 900 4059 controversiae
927 4009 1151 4076 disceptationem
1175 4007 1236 4074 ipso

156 4083 255 4134 veteris
275 4083 375 4133 Rornae
403 4097 473 4152 papa
493 4079 618 4132 adhibito
642 4078 816 4130 iureiurando
842 4078 1068 4130 testificabantur.
1082 4077 1236 4144 „ingratus”
1281 4127 1302 4146 “

156 4153 249 4221 inquit
266 4152 469 4216 „universitatis
488 4168 576 4203 rerum
591 4149 651 4213 deo,
669 4165 753 4219 aquo
770 4157 879 4219 praeter
895 4150 1003 4220 imperii
1019 4147 1156 4216 fatigium
1173 4145 1236 4197 eills

157 4222 523 4296 illustribuspraerogatirls
542 4239 601 4277 sum
620 4228 744 4286 ornatus,
767 4229 795 4274 et
816 4221 926 4276 insanus
948 4235 1043 4283 mrem,
1060 4218 1116 4272 uisi
1132 4233 1182 4289 pro
1194 4223 1236 4269 ts·
