3017 4892
307 617 1119 717 VARIAE
1222 611 2397 712 LECTIONES

728 805 885 878 ΕΤ
960 802 1995 879 ΑΝΝΟΤΑΤῙΟΝΕ8

353 971 472 1038 ΙΝ
520 971 996 1039 NICETAE
1049 970 1692 1038 GHONIATAE
1743 970 2352 1038 HISTORIAM

567 1130 763 1193 PER
824 1129 1548 1194 HIERONYMUM
1612 1129 2136 1196 WOLFIUM.
2262 1143 2282 1157 ‘

387 1401 548 1482 Pag.
571 1402 633 1475 5,
662 1403 726 1463 3.
774 1401 867 1468 ed.
893 1402 1091 1466 Bona.
1147 1401 1427 1485 Νικήτου
1466 1403 1897 1484 Ἀκωμινάτου
1936 1396 2309 1488 Χωνιάτου]
2343 1407 2449 1467 Ni·
2464 1419 2518 1473 P.
2549 1420 2649 1492 417

243 1495 416 1544 cetas
448 1485 682 1546 Latinis
720 1487 935 1547 Victor
957 1497 1048 1548 est
1090 1489 1220 1552 sive
1242 1489 1628 1565 Vincentius,
1657 1490 2057 1549 Aeominatus
2082 1488 2447 1568 gentilitium
2465 1505 2528 1559 V.
2549 1508 2652 1578 34²

246 1588 501 1642 nomen,
521 1568 847 1629 Choniates
872 1571 1161 1651 patrium,
1185 1593 1218 1631 a
1242 1571 1467 1632 Chonis
1483 1571 1791 1654 Phrygiae
1814 1573 1987 1646 urbe,
2009 1592 2078 1630 ex
2095 1591 2214 1650 qua
2242 1574 2447 1633 oriun-

250 1649 407 1710 dum
422 1673 488 1711 se
513 1651 695 1713 fuisse
721 1653 943 1713 crebro
962 1655 1286 1735 gloriatur.
1311 1666 1546 1716 caetera
1573 1664 1717 1716 sunt
1738 1654 2101 1734 dignitatum
2127 1656 2440 1717 vocabula.

250 1733 659 1817 Logothetam
708 1737 839 1818 ipse
884 1737 1332 1799 Cancellarium
1375 1740 1845 1820 interpretatur.
1889 1732 2116 1819 ἔφορος
2159 1736 2270 1796 καὶ
2305 1759 2443 1814 κρι-

249 1811 367 1896 τὴς
403 1818 519 1879 τοῦ
560 1816 759 1899 βήλου
805 1819 956 1902 quid
1001 1823 1078 1882 sit
1105 1867 1126 1898 ,
1174 1831 1347 1882 certo
1386 1821 1687 1882 affirmare
1723 1841 1844 1880 non
1886 1841 2149 1903 possum.
2193 1821 2441 1882 videtur

254 1909 462 1960 tamen
507 1901 705 1980 ,Βῆλον
752 1905 1042 1964 Latinum
1090 1926 1262 1982 esse3
1323 1905 1509 1986 idque
1550 1927 1619 1965 ex
1661 1903 1894 1986 aliquot
1942 1902 2090 1963 loeis
2137 1905 2441 1965 Constan-

254 1984 369 2044 tini
421 1983 498 2044 de
541 1984 1081 2048 Administratione
1128 1989 1389 2050 Romani
1436 1987 1685 2068 imperii
1753 1998 2030 2049 constare
2077 1996 2295 2068 potest.
2341 1982 2443 2047 ἔν·-

260 2063 394 2139 δον,
441 2070 667 2149 inquit,
710 2069 829 2128 τοῦ
866 2069 1065 2148 βήλου
1111 2072 1224 2132 τοῦ
1266 2071 1667 2149 κρεμαμένου
1704 2069 1794 2143 εἷς
1829 2065 1943 2150 τήν
1987 2065 2282 2151 καμάραν
2326 2082 2439 2131 etc.

258 2158 319 2208 et
380 2147 770 2228 εἰσέρχονται
813 2151 881 2216 ἐν
921 2153 1011 2237 τῷ
1050 2152 1223 2240 βῆλῳ
1268 2155 1354 2253 “³2³
1398 2153 1773 2238 κρεμαμένῳ
1819 2153 1910 2225 εἰς
1945 2147 2016 2213 τὸ
2057 2146 2236 2231 ἅγιον
2279 2150 2439 2233 φρέ-

263 2251 363 2310 αρ.
411 2234 553 2293 item
609 2229 715 2294 διὰ
775 2236 901 2296 τῶν
941 2234 1155 2316 βὴλων
1219 2233 1343 2298 ὑπο
1388 2236 1515 2298 τῶν
1555 2234 2000 2313 σελεντιαρίων
2053 2237 2441 2312 συρομένων.

259 2312 529 2379 fortassis
570 2322 959 2379 secretiorem
1003 2332 1063 2382 et
1108 2320 1397 2382 selectum
1451 2320 1712 2380 iudicem
1759 2339 1872 2399 per
1920 2318 2144 2376 Velum
2204 2314 2437 2376 intelli-

263 2398 386 2477 git,
430 2401 510 2460 ob
556 2401 741 2461 ritum
788 2402 1055 2483 aliquem
1123 2405 1275 2464 mihi
1320 2407 1718 2483 incognitum.
1778 2419 2032 2479 magnae
2088 2397 2274 2457 fuisse
2336 2397 2435 2457 di·-

262 2483 497 2561 gnitatis
539 2506 760 2544 munus
786 2506 854 2545 ex
904 2487 1088 2546 huius
1128 2487 1419 2547 historiae
1460 2485 1722 2545 lectione
1750 2491 2050 2563 apparet3
2092 2481 2433 2542 cuiusmodi

265 2563 422 2645 apud
465 2587 593 2644 nos,
637 2571 750 2627 etsi
814 2566 994 2648 longe
1067 2573 1305 2645 minus,
1365 2577 1459 2628 est
1522 2569 1814 2629 Gamerae
1871 2564 2115 2647 imperii
2175 2585 2436 2625 assesso-

267 2665 392 2705 rem
432 2667 579 2710 esse.
665 2645 702 2708 ὅ
759 2646 1007 2728 γενικὰς
1058 2648 1169 2713 ἕπε’
1221 2649 1346 2713 τῶν
1398 2651 1667 2732 κρίσεων
1723 2647 1833 2709 καί-
1877 2643 2110 2732 ἔφορος
2163 2648 2435 2709 fortassis

312 2730 683 2792 metor-fuit.

270 2747 309 2813 P
420 2811 516 2874 Ad
576 2817 957 2896 prooemium
1023 2816 1208 2879 huius
1257 2818 1562 2895 auctor-ie,
1616 2816 1725 2878 ubi
1765 2835 1942 2878 suum
1979 2813 2432 2897 perspicuitatis

270 2890 517 2956 studium
562 2899 745 2958 iactat
799 2902 878 2980 (p.
929 2901 989 2974 5,
1040 2903 1181 2979 πο),
1246 2901 1443 2962 homo
1489 2901 1737 2983 quidam
1766 2944 1785 2978 ‚
1844 2910 1914 2959 ut
1957 2908 2253 2980 apparet,
2301 2918 2429 2958 non

270 2974 581 3059 infacetus,
632 2981 910 3044 fortassis
952 2983 1299 3046 Alexander
1336 2983 1839 3068 Chartophylax,
1881 2982 2170 3043 diaconus
2213 2980 2427 3062 Cpoli-

272 3065 469 3136 tanus,
519 3064 626 3146 qni
666 3066 940 3128 codicem
981 3089 1171 3129 manu
1211 3090 1321 3130 sua
1358 3069 1655 3151 scriptum
1704 3067 1964 3127 Iohanni
2001 3065 2427 3127 Dernsehwan

271 3144 569 3228 vendidit,
613 3152 966 3212 annotavit:

578 3247 697 3307 οὔκ
738 3236 883 3311 οἶδα
923 3246 996 3312 τί
1026 3243 1154 3334 φῂς
1195 3247 1466 3328 ἐνθάδε,
1523 3241 1883 3312 Χωνειᾶτα.

575 3328 779 3413 σοφὸν
822 3327 890 3393 τό
937 3333 1143 3415 σαφὲς
1182 3327 1570 3414 συγγράφων
1614 3325 1772 3394 εἶναι
1820 3331 2055 3414 λέγεις,

572 3403 714 3475 εἶτα
761 3413 1071 3498 γρυφώδη
1112 3416 1225 3477 καί
1258 3410 1660 3499 βαραθρώδη
1700 3408 1963 3499 γράφεις
1977 3438 2000 3495 5

572 3515 732 3596 quid
766 3515 931 3577 istud
963 3524 1093 3576 est?
1129 3515 1288 3601 quid
1320 3515 1623 3579 Cllom'ata
1661 3518 1753 3578 vis
1791 3516 1947 3581 tibi?

569 3599 870 3660 orationis
907 3598 1163 3660 lucidum
1195 3599 1423 3683 probas
1461 3601 1640 3662 decus
1651 3646 1671 3678 ‚

569 3681 962 3749 tenebm'cosus
1001 3684 1201 3745 instar
1236 3685 1363 3766 ipse
1412 3684 1716 3747 Tartari?
