3017 4892
357 407 412 473 na
438 407 601 474 πρίαιο
629 406 795 473 innato
826 408 958 476 nnn.
1107 382 1191 489 545

116 538 310 636 ῦπαντιύζύν
327 558 485 639 πολέμιον.
524 555 687 639 γενόμενος
707 561 744 624 δὲ
777 558 858 625 κατά
887 583 956 625 τινα
984 559 1128 642 ποταμὸν
1145 556 1196 647 (οῦ

116 660 180 723 min
201 652 283 737 ῦπὲρ
303 650 399 733 δόξαν
419 660 475 720 καί
494 657 635 722 ἀέλπτων
663 655 892 739 περιπτύσευυν,
915 650 938 740 ἢ
956 658 1074 737 μᾶλλον
1094 664 1194 727 εἰπεῖν

114 758 180 821 τῶν
202 754 377 838 υἷνεφίκτονν
397 753 578 841 σ’νθροῦποις
597 752 758 840 κριμνίταν
775 758 867 840 θεοῦ)
889 764 958 832 ταῖς
982 758 1044 821 νῦν
1072 757 1224 829 ῦδῦτανυ

114 858 217 928 δίναις
238 855 489 937 ἐναποπνίγεται,
517 850 596 937 ῦνὴρ
618 850 673 919 διὰ
700 853 826 939 μνήμης
850 846 986 939 ῦγεσθαι
1013 849 1135 940 α’γαθῆς
1163 879 1198 923 τε

86 950 171 1023 Suae*
189 955 352 1036 διηνεκοῦς
379 955 436 1017 καί
461 952 693 1038 μακαρίζεσθαι
722 956 852 1029 δικαίους
882 956 940 1019 τσῦ
972 956 1081 1029 τύλους
1108 953 1197 1038 παρὰ

111 1059 179 1127 τοῖς
198 1053 369 1137 ἔχε’φροσιν
381 1044 477 1132 ῦξισς,
496 1052 536 1115 οῦ
548 1050 644 1132 μόνον
656 1051 707 1115 δτι
721 1076 779 1135 περ
795 1046 834 1117 τῦ
855 1046 1039 1137 είχεγένους
1054 1051 1111 1117 καί
1122 1060 1199 1117 πολ·

112 1153 177 1214 λιῦν
197 1152 231 1213 ἐκ
250 1153 406 1232 τριγονίας
425 1156 582 1235 κατῆρχεν
603 1154 726 1231 levois,
748 1153 816 1215 ἄλλ’
837 1146 887 1216 ὅτι
908 1151 963 1215 καί
981 1157 1025 1237 τῷ
1043 1156 1103 1215 τοῦ
1115 1157 1198 1236 Χρι·

111 1248 189 1312 στοῦ
209 1248 298 1335 πόθιγ
319 1247 516 1331 πυρούμενος
536 1248 616 1333 ὑπὲρ
637 1248 712 1325 τοῦς
730 1247 923 1334 ὁπουδήποτε
943 1252 1005 1315 τῦν
1024 1252 1092 1315 τότε
1114 1255 1199 1335 Χρι-

111 1352 247 1413 στιανῦν
275 1342 531 1434 αύτοκρύτορας,
563 1352 701 1432 πατρίδα
734 1350 791 1415 καί
817 1347 934 1433 χλιδὴν
957 1350 1119 1429 βασιλειαν
1144 1348 1200 1415 καί

67 1445 302 1511 τούνύπαυλαν
318 1449 374 1511 καί
393 1444 451 1513 τῦν
472 1446 551 1513 οἴκοι
574 1450 653 1530 μετὰ
674 1453 738 1513 miv
759 1449 919 1534 pristinos
940 1440 1036 1531 ῦλβον
1063 1452 1118 1513 καί
1143 1448 1199 1513 τὸν

111 1540 315 1629 ῦπερὴφοινσν
334 1550 439 1628 βίοτον
456 1548 691 1631 παρωσάμενος,
713 1546 813 1612 είλετο
832 1552 1122 1629 συνκακουχεῖσθαι
1133 1556 1198 1623 τοῖς

111 1640 190 1707 κατὰ
207 1644 424 1728 Παλαιστίνην
445 1648 652 1729 Χριστιανοῖς
673 1644 755 1733 ῦπὲρ
776 1646 834 1710 τοῦ
854 1642 1009 1726 ῦνύματσς
1033 1650 1091 1709 τοῦ
1111 1649 1197 1728 Χρι.

108 1745 191 1805 στοῦ
204 1740 259 1805 καί
278 1744 332 1827 τῆς
358 1746 415 1807 τοῦ
435 1740 644 1828 ζωοπαρόχου
665 1740 772 1829 τύφου
800 1748 912 1829 τιμῆς,
944 1742 1001 1829 τὴν
1030 1743 1200 1829 ἀλλοτρίαν

108 1842 166 1921 τῆς
186 1840 301 1914 οἰκείας
322 1846 511 1923 προκρίνας,
539 1844 617 1924 μηδ’
647 1836 887 1922 ῦποχαλασθείς
919 1846 987 1927 τῆς
1002 1838 1102 1925 ὁρμῆς
1132 1851 1200 1920 τοῖς

59 1934 330 2019 ιὸπαρασοὶγγαις
351 1942 406 2019 τῆς
428 1940 561 2023 δολιχῆς
585 1938 639 2002 καί
656 1938 759 2023 πάσης
780 1943 935 2022 ἀργαλέας
958 1942 1036 2005 ὁδοῦ
1059 1939 1114 2005 κατ’
1133 1950 1227 2015 τοῖςο

105 2038 146 2100 ἐκ
168 2036 232 2099 ταῖν
251 2038 353 2100 ἐθνῶν
372 2036 526 2111 κινδύνοις
548 2039 590 2099 δι’
616 2028 661 2102 ὧν
681 2039 903 2121 παρέρχεσθαι
931 2030 1073 2122 ἤμελλεν.
1121 2041 1198 2105 οῦδὲ

105 2131 145 2199 τῦ
171 2131 281 2198 στενὸν
302 2129 391 2217 ύδωρ
412 2138 466 2199 καί
488 2133 507 2199 ri
529 2134 681 2221 μετρητὸς
713 2128 829 2221 ῦρτος,
855 2134 913 2201 καί
944 2127 1036 2213 οῦτος
1063 2135 1196 2222 ῦνρτός,

103 2234 242 2315 ἐνιαχοῦ
264 2235 299 2297 δὲ
319 2232 374 2299 καί
392 2231 580 2316 ἐπίβουλος,
602 2236 787 2320 ἐξέκρουσεν
807 2233 907 2301 αῦτῦν
927 2237 984 2320 τῆς
1003 2240 1194 2319 προθέσεως.

104 2325 186 2395 οῦδὲ
210 2334 325 2396 τέκνων
356 2328 537 2416 περιχύσεις
566 2336 621 2398 καί
652 2331 821 2418 περιβολαί
851 2332 935 2415 μετοὶ
967 2326 1113 2421 δακρύων
1140 2339 1197 2403 κατ’

55 2428 240 2499 ουῦστατοτ
260 2430 425 2513 α’σπασμοί
443 2430 502 2518 τὴν
530 2436 630 2497 αῦτοῦ
656 2432 765 2515 ψυχήν
785 2430 1015 2516 συγκεχύκασιν
1037 2426 1059 2517 ἢ
1085 2431 1193 2517 ἐξεθή·

101 2536 217 2595 λυναν·
241 2528 322 2597 titt
343 2529 424 2595 κιττοὶ
444 2530 501 2596 τόν
519 2527 693 2597 ῦπόοτολσν
712 2534 847 2596 Παῦλον
865 2528 909 2615 μή
924 2528 1008 2614 ἔχων
1021 2530 1078 2615 τὴν
1091 2534 1194 2597 αῦτοῦ

99 2626 218 2713 ψυχὴν
233 2632 341 2710 τιμίαν
352 2632 431 2714 παρ’
440 2624 554 2719 ἑαυτῷ,
567 2629 733 2714 ἐπορεύετο
750 2627 795 2711 μῦ
807 2628 905 2710 μόνον
920 2628 1088 2715 δρούμενος
1107 2630 1190 2694 silivi

99 2730 160 2792 καί
180 2726 438 2812 ἀποθανούμενος
456 2730 538 2815 ῦπὲρ
558 2731 616 2794 τοῦ
637 2726 788 2809 ῦνύματος
815 2732 874 2793 τοῦ
895 2730 1047 2813 Χριστοῦ.
1089 2723 1191 2803 οῦτως

176 2936 200 2975 2.
218 2917 310 2973 ελπεῐν
328 2932 373 2969 om
390 2917 422 2969 A.
474 2920 501 2972 6.
519 2914 577 2989 είχε
593 2918 646 2973 τοῦ
664 2917 768 2987 γένους
785 2917 816 2969 t.
890 2912 1187 2987 ι5.δολ.1πολλνῑςλ,

176 3004 219 3043 ar·
235 2986 335 3063 τοῦτοῦ]
359 2988 469 3043 ολιιείαν
487 2987 518 3039 Δ.

96 3167 270 3228 exercitum,
288 3164 366 3215 nullo
387 3164 467 3217 hoste
484 3170 651 3215 oecurrente.
671 3178 732 3213 rum
750 3167 842 3211 antem
861 3158 895 3209 ari
916 3158 1027 3211 flurinm
1049 3158 1185 3226 quantiam

118 3238 272 3291 euenisset
289 3236 317 3304 (o
335 3236 377 3287 ins
398 3244 487 3287 eratus
507 3242 536 3287 et
553 3234 709 3302 inopinatos
729 3248 824 3293 rasus,
841 3231 886 3282 rel
905 3233 998 3299 potius
1016 3229 1187 3295 inexplorata

95 3256 261 3361 inminibus
278 3304 322 3357 dei
340 3251 453 3375 iuriicia)
471 3304 620 3357 vorticibus
637 3318 768 3373 aquarum
787 3304 952 3361 suffocatur,
969 3300 1011 3350 vir
1025 3299 1141 3349 honesta
1158 3308 1187 3352 et

94 3386 237 3449 perpetua
251 3376 380 3427 memoria
398 3375 514 3443 dignus,
533 3383 561 3426 et
588 3374 690 3424 iudicio
713 3372 878 3442 prudentum
902 3369 945 3422 rel
974 3370 1004 3420 in
1029 3368 1079 3420 tali
1106 3368 1185 3421 obitu

96 3450 188 3511 salix,
207 3464 262 3499 nou
286 3463 320 3497 eo
337 3454 442 3498 tanturn
461 3443 537 3515 quod
555 3444 643 3495 nobili
661 3450 736 3493 ortus
754 3456 852 3510 genere
870 3442 971 3491 avitum
989 3439 1132 3506 imperium
1153 3440 1185 3493 in

94 3522 202 3572 multas
219 3525 312 3587 gentes
331 3516 460 3578 obtinuit,
478 3514 527 3566 sed
538 3514 574 3565 ob
587 3510 657 3565 illuri
669 3513 771 3581 potius,
789 3508 862 3580 quod
873 3509 945 3563 ultra
959 3524 1052 3560 omnes
1062 3512 1183 3562 omnium

93 3590 223 3657 gentium
244 3587 457 3640 Christianarum
481 3585 616 3654 principes
634 3582 734 3635 Christi
760 3580 898 3633 desiderio
922 3578 1051 3647 flagrans,
1075 3583 1180 3647 patria,

94 3659 210 3712 deliciis
228 3659 324 3727 regiis,
343 3656 558 3725 tranquillitate,
576 3654 656 3705 beata
676 3653 750 3705 domi
767 3651 940 3721 superbaque
957 3666 1018 3701 enm
1035 3651 1181 3704 carissimis

90 3732 154 3783 nita
175 3730 325 3798 despectis,
342 3744 402 3779 curn
421 3725 581 3779 Christianis
598 3724 768 3775 Palaestinae
786 3723 884 3773 incolis
902 3736 1043 3773 aemmnas
1063 3722 1181 3781 tolerare

92 3800 212 3864 maluit,
232 3808 262 3851 et
280 3806 391 3869 propter
412 3796 514 3851 Christi
540 3811 638 3847 nornen
665 3802 694 3847 et
718 3793 810 3845 vitalis
839 3794 955 3861 sepulcri
976 3795 1180 3845 renotationem

93 3881 206 3924 exteras
225 3879 310 3923 terras
330 3869 435 3938 patriae
453 3866 596 3937 praetulit,
616 3864 651 3917 ab
671 3880 704 3917 eo
722 3864 850 3915 instituto
871 3879 926 3915 non
949 3870 992 3914 ωε
1008 3866 1180 3932 parasangis,

91 3960 153 3996 non
172 3950 229 3993 tam
250 3940 399 4009 longinquo
417 3946 446 3991 et
462 3936 565 4005 ubique
583 3932 686 3987 diiircili
705 3935 823 3998 itinere,
839 3950 895 3986 non
916 3934 1059 4002 perieulis,
1076 3948 1148 4005 quae
1164 3952 1181 3987 a

92 4012 226 4081 gentibus
250 4026 300 4083 per
317 4026 431 4080 quarum
448 4007 600 4077 provincias
617 4004 812 4059 transeundum
833 4012 892 4057 erat
913 4004 1107 4067 imminebant,
1131 4004 1181 4055 dr»

93 4084 219 4137 territus.
236 4098 293 4134 non
310 4094 399 4149 aquae
415 4079 546 4149 penuria,
563 4092 619 4129 non
637 4076 797 4159 praefinitus
820 4074 899 4145 isque
916 4074 1060 4143 empticius
1083 4076 1180 4144 panis,

92 4162 124 4205 et
142 4152 247 4205 alicubi
262 4148 428 4212 insidiosus,
448 4164 510 4201 eum
530 4148 564 4199 ab
582 4146 708 4200 instituto
726 4147 849 4198 dimovit.
868 4160 924 4196 non
950 4145 1098 4196 llberornrn
1123 4160 1181 4195 am-

91 4224 195 4293 plexus
213 4240 273 4275 curn
293 4220 411 4273 lacrimis
432 4228 460 4271 et
478 4226 613 4273 extremae
632 4218 809 4270 salutationes
835 4219 954 4267 animum
979 4215 1039 4266 eins
1061 4230 1181 4267 commo·

90 4302 198 4351 rerunt
214 4301 263 4346 ant
281 4292 482 4345 effeminarunt:
504 4290 551 4344 sed
568 4288 660 4361 potius
677 4288 765 4341 instar
783 4287 859 4343 Pauli
876 4285 997 4359 apostoli
1007 4286 1091 4339 vitam
1103 4282 1180 4357 parri

148 4400 265 4461 Nicetes
282 4398 445 4457 eteniam.
957 4388 991 4441 35
