3017 4892
231 259 289 362 lt
540 279 715 346 urcnrnn
753 276 990 343 cnonumn

232 437 276 523 τῷ
295 435 351 517 τής
382 435 467 516 νίκης
499 425 640 514 περιόντι
666 423 744 514 ήτή
761 432 821 491 τοῦ
839 421 1028 508 κασιγνήτου
1050 419 1194 510 inesibus
1211 418 1309 502 ήγαλ.

235 537 334 598 luiso.
376 534 430 596 καί
445 528 481 595 τὸ
504 527 640 614 ὑπήκοον
660 531 695 592 δὲ
712 529 878 610 κατεκίρνα
896 520 1015 601 πωςτοὶ
1036 519 1173 606 ἐγκώμια
1192 522 1234 606 τῷ
1253 519 1311 583 soii

234 635 388 716 βασιλέως
407 627 505 718 τοάτιρ
525 629 786 711 προμήθεδματι,
808 617 846 689 oi
867 621 964 706 μόνον
981 631 1046 697 τοῖς
1065 619 1165 685 αὐτοῦ
1183 617 1312 703 τροπαί-

236 754 283 806 οις
300 723 567 808 καλλωπιζόμενον
587 727 643 790 καί
659 727 739 788 θῦον
758 726 823 810 θεῷ
849 720 1042 807 χαριστήρια
1061 724 1105 808 τῷ
1126 716 1182 782 καί
1199 710 1313 795 πορεά-

237 852 330 893 σαντι
351 828 460 891 τοῦτον
474 827 531 890 καί
549 821 675 909 νικητήν
696 824 905 903 άνασοίσαντι,
925 817 1009 887 dett
1029 820 1086 883 καί
1102 819 1205 904 spinosi
1223 811 1343 883 ἀδελ-5

209 930 302 1014 Βφοῦ
324 929 432 1010 α’φίξει
452 921 750 1008 ἐπεαφραινόμενον.

321 1023 381 1108 Μή
410 1018 618 1106 πολυωρήσας
645 1023 680 1085 δὲ
700 1023 743 1108 τῷ
763 1020 946 1106 Βυζαντιδμ,
970 1019 1033 1083 ταῖν
1051 1017 1188 1099 Περσάν
1208 1015 1316 1094 εἰσβα-

240 1124 360 1190 staron
380 1131 444 1197 τοῖς
463 1118 543 1186 κατά
565 1118 704 1200 ποταμὸν
723 1118 779 1184 τὸν
798 1117 973 1202 Σαγγάριον
993 1115 1177 1200 ἐπιδρόμοις
1194 1110 1315 1192 τόποις,

240 1221 399 1305 άπεριδιδν
418 1225 566 1303 καχεξίας
586 1219 751 1300 στόματος,
771 1218 815 1292 αἱς
836 1212 920 1299 εἶχεν
938 1214 1128 1301 ἔξάρμησεν,
1148 1209 1223 1278 ὅθεν
1241 1207 1318 1285 τοάς

240 1324 409 1403 πολεμίους
435 1318 631 1402 διαθροήσας
656 1321 695 1405 τῇ
721 1319 880 1404 παρουσίᾳ
905 1317 960 1380 καί
986 1311 1178 1400 θρεμμάτων
1204 1310 1317 1394 άγὲλας
1330 1329 1365 1371 ιο

242 1419 359 1496 ἐλάσας
387 1421 598 1484 παντοδαπῶν
633 1420 810 1500 ἐπανῆλθεν
841 1419 887 1492 εἰς
906 1412 940 1480 τά
964 1410 1143 1480 Λοπάδιον.
1190 1416 1259 1491 μετ’
1279 1407 1318 1472 οδ

243 1518 322 1586 πελά
346 1521 382 1584 δὲ
401 1517 455 1583 καί
470 1521 525 1604 τῆς
544 1517 794 1602 γυναικωνίτιδος
810 1511 952 1600 ἔξιοάσής
965 1513 1023 1599 τήν
1042 1510 1143 1596 πάλιν,
1163 1507 1218 1586 τάς
1230 1511 1320 1590 Ὀχο-

159 1632 191 1686 v.
208 1619 305 1703 ιΒράς
336 1619 500 1699 ἐδείματο,
527 1617 584 1702 τήν
603 1619 638 1681 ἐκ
665 1619 728 1680 τῶν
757 1618 915 1694 πολεμίων
944 1617 1120 1698 ἐκεχειρίαν
1148 1613 1193 1688 εἷς
1215 1607 1252 1674 τά
1275 1605 1321 1691 μή

245 1717 345 1805 πάντῃ
374 1717 557 1802 ἀξύμφορον
572 1715 740 1798 Ῥωμαίοις
765 1712 927 1791 διατιθείς.
980 1714 1179 1796 ἐμβραδῦναι
1201 1712 1237 1774 δὲ
1257 1714 1321 1783 τοῖς

245 1814 352 1891 τόποις
371 1815 493 1890 τούτοις
515 1811 734 1895 διανοούμενος
752 1810 810 1896 τήν
827 1809 975 1897 στρατιάν
994 1812 1205 1896 ἀθροισθῆναι
1224 1802 1371 1872 orme-15

245 1913 347 1998 τάχει.
398 1911 455 1978 καί
480 1913 499 1998 ἢ
518 1915 577 1994 μὲν
600 1913 634 1976 ἐκ
654 1910 875 1992 θεσπισμάτων
893 1915 1061 1992 βασιλείων
1080 1905 1244 1993 συνήγετο,
1264 1904 1325 1970 ου’-

217 2014 300 2090 οτδς
322 2015 356 2078 δὲ
375 2010 454 2077 κατά
476 2015 567 2078 τοῦτο
587 2009 621 2076 ro*
645 2008 736 2096 ἔργον
757 2009 801 2086 οἷς
819 2011 968 2076 οὐδέποτε
987 2020 1051 2085 τοῖς
1071 2012 1326 2094 στρατευομένοις

247 2111 461 2195 α’σνγγνοάμων
485 2107 572 2188 ἔδοξε
601 2108 657 2174 καί
681 2107 785 2193 βαράς
818 2108 874 2174 καί
889 2107 925 2174 τά
946 2113 1039 2175 πλέον
1056 2111 1137 2194 μηδὲ
1154 2111 1256 2190 μέτρα
1275 2107 1327 2170 ἐκ·

247 2209 411 2294 στρατείας
434 2208 545 2292 εἰδώς,
561 2207 604 2282 ὥς
624 2205 708 2292 εἴπερ
726 2203 859 2274 ε’λάθετο
879 2205 902 2293 ἢ
925 2208 983 2272 οδκ
994 2207 1154 2291 ἐνενόησεν
1174 2205 1217 2280 ὥς
1238 2225 1327 2287 τρισ-

247 2306 306 2374 οδν
324 2305 392 2382 ἔτος
417 2309 450 2372 ἐν
474 2316 539 2382 τοῖς
568 2301 657 2395 ἑῴοις
684 2309 831 2388 πολέμοις
845 2303 997 2387 Ῥωμαῖοι
1018 2304 1194 2388 διήνεγκαν.
1233 2300 1268 2367 si
1291 2302 1378 2366 δδεο

248 2403 329 2492 πρὸς
346 2399 503 2492 άρρηκτον
523 2405 640 2470 ἐκείνου
653 2401 749 2488 ἔχθος
771 2403 818 2472 ἔτι
834 2410 952 2487 μᾶλλον
964 2407 1101 2490 ἐκμήναν
1119 2398 1160 2488 ἧν
1182 2396 1232 2467 ὅτι
1252 2407 1329 2466 πολ-

250 2503 303 2570 λοί
320 2509 384 2571 τῶν
411 2507 456 2579 είς
476 2507 598 2588 Συρίαν
630 2502 873 2587 συναναβάντων
891 2505 998 2594 ἐκεινῳ
1019 2508 1217 2588 στρατιωτῶν
1234 2496 1329 2585 μήπω

251 2602 292 2669 τά
314 2601 392 2669 οἴκοι
422 2605 612 2684 βλέψαντες,
650 2601 731 2668 dell
766 2601 848 2693 νάσῳ
876 2603 1020 2685 σώματος
1046 2602 1102 2669 καί
1127 2598 1241 2668 σπάνει
1267 2602 1331 2664 τῶν

326 2795 365 2832 τι.
383 2782 445 2866 μετ’
463 2777 503 2862 ori
513 2767 588 2832 noli
618 2777 710 2850 εδριδν
731 2777 763 2834 δὲ
781 2784 831 2835 καὶ
849 2769 901 2845 τήν
914 2779 1071 2835 δέσποιναν
1082 2780 1143 2834 ἐκεῖ
1152 2782 1193 2838 ste
1204 2770 1256 2846 τήν
1275 2779 1330 2830 ssd·

323 2851 376 2971 ll.
386 2851 455 2972 'll‘
472 2850 711 2992 'llf‘illilii
729 2850 1112 2989 amilli‘ilililli‘ll‘li
1129 2847 1332 2992 urstisii?

256 3106 316 3143 eum
337 3105 370 3142 eo
394 3090 542 3158 ingressus,
571 3105 627 3142 non
644 3091 727 3160 magis
755 3092 870 3144 victoria
887 3109 968 3162 quam
985 3093 1075 3145 fratris
1094 3091 1183 3144 reditu
1201 3099 1244 3143 est
1261 3089 1336 3161 garl-

256 3179 310 3214 sus.
330 3159 434 3213 subditi
452 3177 562 3232 quoque
589 3162 719 3215 instinctu
746 3164 805 3214 eius
824 3162 919 3215 laudes
940 3165 1191 3227 communicabant3
1210 3178 1261 3213 nec
1278 3171 1336 3213 tro-

256 3232 332 3353 paeis
351 3230 482 3283 duntaxat
506 3232 706 3300 gloriabantur,
725 3241 753 3284 et
778 3233 831 3284 deo
849 3251 1020 3286 successuum
1038 3236 1142 3286 auctori
1159 3233 1256 3303 gratias
1274 3249 1337 3302 age·

278 3311 339 3364 aut,
357 3301 405 3352 sed
423 3312 452 3354 et
469 3301 559 3355 fratris
578 3303 636 3355 eius
656 3303 775 3355 adventu
795 3305 976 3357 laetabantur.

328 3371 470 3424 Caeterum
489 3391 545 3424 non
563 3373 611 3426 diu
627 3375 748 3441 Byzantii
769 3385 957 3437 commoratus,
973 3391 1034 3426 cnm
1051 3375 1146 3426 Persae
1163 3373 1193 3424 in
1211 3380 1341 3442 patentes

260 3457 367 3507 campos
386 3442 463 3492 iuxta
480 3443 637 3510 Sangarium
654 3445 765 3496 fluvium
783 3446 913 3515 impeturn
937 3445 1081 3505 fecissent,
1101 3445 1223 3515 quamvis
1242 3460 1340 3513 corpo-

260 3528 290 3565 re
309 3526 403 3580 aeger,
421 3512 513 3562 statim
539 3515 630 3566 exivit
648 3515 686 3568 ita
703 3515 828 3567 hostibus
850 3534 899 3567 sun
916 3517 1069 3585 praeseutia
1087 3517 1188 3568 territis
1206 3523 1235 3567 et
1252 3513 1340 3566 omnis

260 3585 367 3651 generis
396 3582 540 3649 pecoribus
560 3583 677 3648 abactis,
701 3585 852 3655 Lopadiurn
869 3589 987 3640 recessit
1004 3604 1060 3639 non
1077 3587 1163 3639 multo
1180 3595 1262 3655 post,
1279 3601 1341 3635 cum

262 3653 343 3706 etiam
362 3651 554 3718 Gynaeconitis
579 3655 647 3706 urbe
676 3658 795 3720 exisset,
812 3660 976 3711 munitiones
996 3659 1173 3720 instauravit,
1190 3657 1248 3707 otio
1266 3653 1342 3726 quod

262 3741 278 3776 a
298 3723 373 3774 bello
392 3720 508 3773 dabatur
531 3723 560 3772 in
579 3726 618 3776 rei
637 3725 764 3792 publicae
784 3728 955 3781 commodum
975 3743 1111 3781 converso.
1130 3726 1230 3797 quibus
1251 3728 1281 3779 in
1300 3726 1343 3775 lo-

262 3795 301 3846 cis
321 3810 382 3844 cum
400 3793 557 3844 commorari
577 3796 722 3860 statuisset,
740 3797 863 3865 legiones
880 3801 1023 3854 convenire
1040 3799 1129 3851 iussit.
1146 3794 1222 3867 qnod
1239 3797 1296 3848 ets's
1308 3812 1342 3846 ex

262 3864 391 3917 mandato
416 3867 474 3916 eius
493 3864 589 3928 fiebat,
612 3875 703 3919 tamen
719 3869 821 3920 milites
846 3870 924 3921 nulla
941 3889 979 3922 un
999 3887 1060 3921 uam
1079 3884 1108 3918 re
1129 3885 1158 3919 se
1176 3869 1259 3936 magis
1276 3881 1346 3917 one·

265 3942 337 3988 satos
366 3950 425 3986 esse
450 3934 600 4004 putabant,
626 3938 700 4006 quod
723 3938 928 4008 expeditionum
947 3888 1054 3993 nriilum
1071 3938 1153 3990 sciret
1169 3939 1278 3990 modum
1295 3941 1345 3987 aut

264 4005 368 4064 oblitus
395 4015 481 4069 esset,
512 4015 630 4060 autnon
658 4017 797 4079 reputaret
814 4011 948 4063 Romanos
964 4005 1076 4062 tertium
1093 4027 1193 4061 annum
1217 4011 1246 4059 in
1262 4005 1345 4057 bellis

267 4075 453 4129 Orientalibus
472 4080 677 4148 consumpsisse.
705 4080 775 4132 illud
793 4097 857 4132 vero
874 4083 934 4135 eius
950 4081 1044 4132 odium
1064 4081 1249 4150 exasperabat,
1269 4073 1345 4145 quod

268 4147 346 4204 nulli
365 4146 476 4212 milites,
496 4150 545 4220 qui
564 4167 626 4206 euna
643 4150 672 4203 in
689 4149 794 4218 Syriam
809 4153 896 4205 secati
913 4159 999 4214 erant,
1016 4167 1045 4203 re
1065 4150 1213 4206 domestica
1223 4147 1346 4205 noudum
