3017 4892
265 331 498 443 osannam
527 369 674 436 rsascu
703 371 857 434 aunam
886 373 949 435 m.
971 373 1046 436 ιιιι.
1067 375 1122 436 ιιι.
1174 341 1256 456 715

168 526 280 608 βάλλει
298 523 355 588 κατ’
373 526 480 604 κῦμα,
502 515 521 583 ὅ
540 544 658 606 φασιν,
686 521 740 584 art
767 519 884 601 κύματι
902 520 1071 601 Ῥωμαίοις
1103 521 1260 586 ἐπικυλιν-

169 629 271 692 ιλεται·
313 625 450 700 Ἀλέξιος
470 617 530 704 γάρ
556 617 574 683 ὅ
595 629 668 694 παῖς
689 622 845 686 Ἰοαακίου
867 621 925 685 τοῦ
942 618 1090 702 Ἀγγὲλου
1113 619 1260 706 γράμμα-

168 749 220 789 σιν
240 719 446 809 ἐφοδιασθεὶς
463 723 522 783 τοῦ
545 716 634 782 πάπα
652 715 774 803 Ῥώμης
802 719 859 801 τῆς
881 722 1098 804 πρεσβυτέρας
1122 721 1176 784 καὶ
1202 723 1259 785 τοῦ

169 821 264 908 §ptr
284 816 477 902 Ἀλαμανιάς
499 821 682 900 Φιλίππου,
701 817 837 902 χάριτας
857 818 1006 900 μεγίστας
1026 813 1259 900 ὁμολογούντων

141 921 236 997 swa
256 926 449 1005 πειρατικοῖς
469 917 593 993 τούτοις
614 919 834 1002 ἐργαστηρίοις
861 920 892 982 εἰ
917 917 974 982 τὸν
990 915 1130 994 Ἀλέξων
1156 918 1258 982 siocli·

169 1025 277 1100 ξονται
297 1015 352 1083 καί
370 1017 451 1102 πρὸς
471 1016 528 1102 τήν
549 1013 699 1107 πατρῴαν
716 1017 940 1100 ἐπαναγάγωσι
960 1013 1148 1098 βασιλείαν,
1170 1039 1258 1101 τρισ-

168 1117 305 1201 άσμενος
333 1116 415 1200 μετά
438 1117 552 1202 καιρὸν
577 1121 622 1205 τῷ
641 1117 740 1205 στόλῳ
762 1115 1011 1202 inclaresceret*
1030 1119 1259 1202 προσβλέπεται

168 1217 212 1295 ὥς
233 1216 271 1282 ori
286 1213 382 1298 μόνον
401 1217 454 1282 τὸν
473 1217 554 1281 κατά
571 1216 738 1298 Ῥωμαίων
759 1214 928 1306 λῃστρικὸν
949 1213 1083 1280 ἔκπλουν
1099 1237 1258 1298 μετασχη-

167 1321 310 1398 ματίσων
330 1315 410 1402 πρὸς
432 1313 468 1382 τά
490 1314 674 1403 ου’άφορμυν
694 1314 750 1380 καὶ
778 1311 1010 1402 διαμορφάσιον
1029 1312 1109 1400 πρὸς
1135 1313 1173 1380 τά
1204 1309 1259 1378 τά·

123 1413 352 1500 ιοπρόσωπον,
373 1414 455 1481 α’λλά
473 1416 530 1480 κατ’
546 1414 720 1502 χρημάτων
744 1417 1014 1502 άποθεραπτάοων
1043 1418 1192 1499 emperiam
1220 1417 1286 1480 τόΒ

167 1517 336 1600 κερδαλέον
357 1518 486 1582 ἐκείνων
513 1513 569 1580 κατ’
595 1514 837 1603 φιλοχρήματον
863 1513 1026 1602 φρόνημα.
1067 1513 1124 1580 τὸν
1153 1519 1258 1578 τοίνυν

160 1607 304 1692 Ἀλέξιον
325 1617 365 1679 od
384 1619 502 1696 μᾶλλον
519 1612 578 1699 τὴν
599 1603 765 1700 ἥλικἰανῆ
786 1613 842 1691 τάς
868 1617 987 1702 φρένας
1006 1615 1157 1693 νεάζοιτα
1178 1635 1257 1676 παν-

166 1716 278 1798 οιῖργοι
306 1712 423 1790 πάντες
450 1718 506 1780 και“
524 1711 708 1800 πράγμασιν
722 1717 904 1792 ἑντακένττς
925 1706 1036 1800 ἄνδρες
1057 1709 1258 1798 παραλαβάν·

165 1835 219 1888 τες
233 1815 365 1888 ἐκείνοις
384 1815 420 1877 ἐν
442 1807 548 1897 ὅρκοις
563 1818 738 1879 συνθέσθαι
760 1819 957 1898 παρέπιισαν
971 1811 994 1878 ά
1010 1815 1165 1897 μηδαμῶς
1185 1813 1257 1876 ἑπτ-

121 1909 263 1996 ιὸφάκτι
283 1918 383 1997 πέρας
404 1915 525 1993 λαβεῖν.
569 1914 610 1974 ed
628 1910 690 1997 γάρ
713 1910 809 1993 μόνον
828 1913 996 1990 θαλάσσας
1013 1908 1186 1998 χρημάτων
1206 1911 1257 1973 αι’-

165 2011 353 2092 τησαμένοις
370 2011 538 2075 κατένευσε
558 2009 594 2074 sci
614 2010 795 2096 μειράκιον,
821 2012 901 2076 α’λλά
922 2018 977 2078 κατ’
997 2012 1150 2096 σάναρσιν
1174 2005 1253 2074 κατά

167 2111 384 2193 Σαρρακηνῶν
402 2113 479 2189 μεθ’
500 2107 690 2192 ὁπλομάχων
701 2109 869 2192 Ῥωμαίων
893 2112 950 2174 ’κατ’
976 2109 1150 2196 τρικρότων
1173 2113 1256 2192 νηῶν

163 2205 363 2292 πεντήκοντα.
406 2207 440 2272 τά
463 2212 499 2272 δὲ
521 2211 560 2293 dri
579 2213 690 2290 μεῖζον
710 2209 767 2274 καί
792 2208 1016 2290 α’τοπάτατον,
1037 2205 1255 2292 παρεκτροπὴν

163 2310 315 2390 πίστεως,
337 2307 431 2373 ὁποία
451 2318 516 2386 τοῖς
537 2312 691 2384 Λατίνοις
712 2307 908 2390 ἀσπάζεται,
930 2311 986 2373 καί
1001 2311 1066 2374 τάν
1086 2311 1144 2374 τοῦ
1163 2307 1253 2372 πάπα

47 2457 51 2469 ,
116 2425 156 2467 no
165 2392 342 2489 apompeius
362 2405 545 2490 καινισμάν,
566 2409 738 2490 μετάθεσιν
760 2433 793 2473 τε
814 2407 870 2473 κατ’
888 2409 1094 2493 μετοποίησιν
1107 2409 1170 2473 τιὸν
1191 2429 1282 2481 rra-c

164 2508 265 2571 λαιάν
279 2507 449 2590 Ῥωμαιόις
470 2511 556 2574 ἐθῶν
576 2513 795 2592 συγκατέθετο.

246 2609 318 2671 Κατ’
345 2606 384 2692 δὴ
420 2605 437 2670 ὅ
469 2611 530 2690 μὲν
559 2604 668 2683 στόλος
688 2606 727 2672 τά
757 2605 942 2693 πρυμνήσια
962 2607 1062 2683 λύσας
1084 2604 1253 2690 κατάγεται

163 2704 244 2793 πρὸς
260 2705 391 2792 ’λάδαρα
402 2759 413 2790 ,
446 2710 502 2772 καί
529 2701 569 2792 ἦν
589 2706 671 2772 ου’τά
698 2709 893 2794 πολιορκῶν,
914 2706 1009 2786 δόξαν
1030 2701 1112 2772 οὕτω
1133 2709 1177 2793 τῷ
1197 2709 1252 2786 τῆς

234 2896 258 2946 7.
277 2867 361 2950 μετά]
381 2866 471 2962 sarri?
586 2875 673 2948 19³0*
693 2865 747 2934 τάν
763 2878 995 2946 renarrantem
1014 2873 1207 2946 μνημονεύειν
1223 2873 1250 2924 B.

232 2967 276 3003 ao.
295 2963 435 3020 κενισμον
454 2949 484 3000 Α.

162 3128 194 3172 ut
213 3119 321 3172 dicitur.
345 3137 407 3172 unm
425 3121 536 3172 dleaius
554 3121 650 3172 Isaacii
668 3120 764 3187 Angeli
785 3119 876 3180 filius,
900 3117 1000 3169 litteris
1026 3116 1125 3168 veteris
1153 3115 1250 3166 Romae

160 3191 299 3260 pontilicis
319 3197 347 3242 et
367 3191 435 3256 regis
452 3191 629 3242 Alamanniae
648 3191 768 3260 Philippi
785 3190 950 3252 instructus,
980 3188 1028 3258 qui
1049 3185 1168 3257 piraticis
1192 3186 1251 3236 istis

161 3261 284 3329 collegiis
302 3261 449 3328 plurimum
475 3277 504 3312 se
524 3261 666 3312 debiturus
692 3261 908 3330 profitebantur,
938 3261 960 3311 si
988 3258 1189 3308 adolescentem
1222 3257 1251 3306 in

161 3333 280 3399 patrium
307 3331 449 3399 imperium
468 3332 664 3393 restituerent,
687 3333 829 3400 aliquanto
847 3339 910 3400 post
930 3329 1106 3398 cupidissime
1128 3325 1163 3377 nd
1181 3327 1251 3377 elas·

161 3417 219 3451 sem
240 3408 268 3451 et
285 3402 412 3470 pervenit
429 3408 457 3452 et
478 3402 631 3470 excipitur,
649 3410 681 3451 ut
699 3401 747 3470 qui
772 3417 827 3452 non
846 3409 950 3453 tantum
976 3399 1151 3451 latrocinium
1179 3393 1250 3448 illml

161 3479 255 3521 contra
272 3472 406 3522 Romanos
423 3471 577 3522 institutum
597 3487 756 3540 promovere
776 3479 804 3523 et
819 3471 933 3523 honesta
958 3471 1049 3539 specie
1069 3471 1177 3530 lucare,
1201 3468 1249 3519 sed

162 3549 192 3591 et
209 3541 384 3610 pecuniarum
405 3542 505 3593 acervis
523 3543 642 3613 ipsorum
663 3542 803 3594 avaritiam
824 3543 934 3612 explere
951 3545 1052 3610 posset.
1074 3542 1096 3593 is
1119 3556 1175 3592 non
1204 3555 1250 3590 ae-

159 3619 218 3663 tate
236 3612 320 3679 magis
338 3628 419 3681 quam
435 3611 526 3662 animo
551 3628 638 3680 puer,
661 3631 677 3664 a
700 3613 765 3665 virle
784 3613 890 3664 callidis
910 3621 938 3664 et
956 3613 1071 3664 versutis
1094 3619 1249 3679 susceptus,

160 3683 266 3765 pepigit
284 3690 313 3734 et
332 3691 500 3734 sacramento
518 3683 635 3735 firmarit
657 3700 689 3734 ea
717 3701 746 3735 se
771 3684 959 3753 praebiturum
986 3699 1057 3752 quae
1080 3681 1193 3753 perduci
1214 3680 1249 3732 nd

160 3761 264 3804 exitum
282 3753 394 3804 minime
413 3761 548 3824 poterant.
566 3771 617 3806 nec
637 3755 709 3806 enim
728 3757 813 3806 marin
835 3757 1013 3824 pecuniarum
1038 3755 1170 3806 duntaxat
1192 3751 1248 3804 illia

159 3823 365 3894 postulantibus
386 3825 528 3894 promisit,
554 3824 602 3876 sed
622 3833 650 3876 et
667 3825 798 3876 arrxilium
823 3833 915 3877 contra
937 3825 1097 3877 Sarracenos
1117 3841 1177 3876 cum
1196 3827 1249 3876 ao-

159 3896 247 3948 manis
266 3895 400 3947 militibus
418 3905 446 3947 et
465 3897 485 3946 L
504 3895 666 3948 triremibus.
688 3905 716 3948 et
733 3895 809 3966 quod
827 3897 914 3947 maius
936 3906 976 3948 est
994 3913 1026 3948 ac
1048 3897 1128 3964 longe
1153 3895 1250 3946 absur-

160 3965 238 4027 dius,
258 3965 414 4018 Latinorum
432 3967 604 4036 depravatam
623 3966 783 4036 religionem
802 3967 982 4037 amplectitur,
1002 3975 1029 4018 et
1046 3967 1249 4037 privilegiorum

158 4037 297 4106 papalium
316 4037 520 4107 innovationem
547 4047 575 4090 et
598 4047 719 4092 veterem
739 4040 919 4091 Romanorum
945 4040 1130 4091 institutorum
1158 4045 1249 4087 muta-

158 4108 262 4159 tionem
281 4107 435 4177 pollicetur.

229 4178 322 4231 Classe
339 4178 435 4231 lndara
454 4188 580 4250 provecta
602 4181 676 4232 iussu
692 4179 815 4232 Danduli
832 4180 998 4233 Venetorum
1019 4180 1094 4231 duris
1113 4177 1177 4228 urbs
1197 4175 1246 4226 eb-

160 4248 264 4306 ridetur
274 4249 309 4302 ab
323 4259 399 4306 retus
418 4249 555 4324 qrroddam
574 4249 672 4306 foedus
691 4252 829 4316 violatum,
853 4260 883 4308 ut
902 4251 1001 4306 aiebat.
1022 4259 1050 4303 at
1067 4251 1245 4302 Romanorum
