3017 4892
382 323 551 392 marrus
581 327 783 395 amomis
816 325 999 397 couneus
1027 333 1062 397 r.
1180 301 1258 392 351

182 478 340 560 πνεύματι
370 476 406 539 τό
436 481 616 559 τυραννεῖον
644 473 871 556 καταλαβόντες
897 479 970 540 καθ’
991 477 1010 539 ό
1030 479 1263 562 ἕτελετορχεῖτο

181 577 260 658 τάδε
279 573 320 642 τό
354 566 483 657 ἄθεσμα
503 577 607 661 (τοῦτο
621 577 658 640 δέ
688 565 765 660 ἦνδ
796 579 854 642 τοῦ
877 579 1081 664 Μιχαηλίτζη
1100 578 1263 662 λεγόμενος

182 673 303 763 οἶκος),
321 672 360 740 τό
380 676 591 758 συγκλητικοῖς
616 675 821 760 ἒξυφασμένα
842 678 906 740 τῶν
926 678 1071 761 κεφαλῶν
1091 673 1290 760 disceretis-C

181 798 232 853 τες
258 773 449 856 καλύμματα
477 771 534 838 καί
559 775 623 838 τοῖν
645 770 730 837 ’κατὰ
755 771 859 839 ντότου
879 777 1061 858 κεχυμένων
1080 779 1263 842 λευκολίνων

156 871 354 958 5λαβόμενοι
374 873 511 937 διείλουν
531 865 673 947 assissinis
691 875 842 959 σφαίρας,
867 875 1126 960 χοροστατοόντες
1145 882 1210 950 τοῖς
1230 877 1265 940 ἐκ
1359 862 1363 874 ’

181 971 318 1058 τριόδων
335 974 391 1038 καί
408 975 463 1056 τῆς
483 967 553 1036 τότε
580 974 705 1056 τελετῆς
729 969 986 1058 αροεξόρχοντες,
1017 971 1096 1056 πρὸς
1114 975 1209 1054 μέλος
1228 995 1266 1038 τι

182 1075 390 1154 κεκλασμένον
425 1072 659 1158 μετερόθμιζον
684 1068 744 1156 τήν
772 1069 897 1159 φωνήν,
933 1074 989 1138 καί
1018 1073 1156 1148 νεανικῶς
1174 1071 1265 1152 ε’ξαλ·

180 1171 307 1254 λόμενοι
329 1171 385 1237 καί
412 1169 470 1246 τός
498 1178 608 1257 γεῖρας
629 1169 672 1246 ὥς
692 1173 726 1248 ές
745 1171 855 1256 κρότον
874 1169 1101 1255 ξυμβάλλονιες
1120 1167 1164 1235 τό
1186 1165 1265 1234 πόδε

179 1265 384 1350 όπεσόλευον,
396 1268 453 1334 καί
461 1265 539 1336 κατό
552 1273 650 1352 μέσον
663 1269 812 1352 ἐδίνευον,
821 1271 927 1358 μολπῇ
939 1272 968 1336 τ’
981 1271 1084 1359 ῑόγμῷ
1093 1292 1127 1334 τε
1139 1265 1197 1355 τὴν
1206 1272 1265 1355 γῆν

133 1394 172 1436 ιο
180 1365 331 1454 έκρότουν
348 1367 589 1452 όπορχοόμενοι.
611 1363 706 1454 ιότῆς
716 1370 880 1446 α’ναιδείας
889 1367 944 1434 καί
951 1371 1006 1454 τῆς
1013 1365 1264 1456 μικρογναόμονος

179 1463 295 1554 φρενός
309 1469 364 1532 καί
382 1463 596 1554 κουφότητος]
622 1471 681 1534 τοῦ
711 1470 743 1532 δ’
757 1465 968 1555 Ἀνδρονίκου
986 1463 1177 1551 καταβάντος
1196 1463 1260 1532 daci

178 1567 240 1630 rori
258 1567 442 1650 τυραννείου
469 1567 503 1641 ές
520 1565 557 1631 τό
585 1568 621 1632 ἐν
641 1571 840 1654 Βλαχέρναις
862 1571 1038 1651 βασιλειαν,
1061 1568 1115 1632 καί
1134 1567 1264 1652 γενομέ-

177 1687 236 1729 νου
256 1663 338 1754 κατὰ
355 1664 412 1730 τόν
427 1663 516 1742 ἐντός
533 1663 649 1732 τούτου
667 1664 825 1755 δφιγρεφῆ
840 1664 938 1752 δόμον
959 1663 995 1746 ός
1006 1663 1190 1750 Πολόιιμος
1210 1666 1262 1732 λέ·

175 1786 282 1846 γεται,
310 1767 478 1851 ἐφίσταται
506 1763 563 1830 καί
591 1761 610 1831 δ
638 1767 789 1848 βασιλεῦς
816 1769 959 1848 Ἀλέξιος
987 1769 1104 1832 ἐκτῶν
1124 1764 1295 1846 ἔξωθενῷ

131 1861 261 1946 156μοῦ
282 1859 426 1929 παιόνων
442 1885 476 1928 τε
495 1863 551 1928 καί
568 1862 790 1948 στεναγμάτων
810 1865 865 1951 (οδ
885 1865 947 1954 γόρ
968 1865 1082 1941 πάντες
1100 1867 1146 1951 τῷ
1159 1865 1262 1949 καιρῷ
1323 1932 1328 1942 ‚

174 1958 419 2049 ααρεσόρησαν)
439 1961 542 2049 eripuis
562 1961 662 2044 μεστοὶ
683 1962 724 2030 τό
744 1960 921 2051 α’νοὶκτορα,
943 1967 998 2030 κατ’
1009 1961 1109 2029 αδτόν
1122 1955 1262 2048 Ἀνδρό-

173 2081 263 2127 νικον
283 2059 327 2138 ὥς
346 2063 480 2142 βασιλέα
501 2059 616 2144 σχεδόν
634 2063 721 2147 παρὰ
745 2063 872 2129 πάντων
886 2062 1075 2145 καταλαβών
1096 2053 1300 2148 εόφημοό-ν.
1313 2076 1361 2147 ιβ

175 2181 284 2242 μενον.
324 2154 405 2224 iacis
421 2163 529 2226 τοίνυν
548 2155 674 2229 δέκοντί
692 2185 729 2246 γε
748 2164 844 2250 θυμῷ
863 2171 929 2238 τοῖς
948 2165 1148 2244 τελουμένοις
1166 2164 1260 2226 ἕπεο.

178 2261 316 2345 δοκήσας
334 2259 501 2326 ἐκολάκευε
521 2262 661 2338 κε’κεῖνος
679 2264 715 2327 έν
733 2270 799 2338 τοῖς
811 2269 931 2338 λοιποῖς
950 2259 986 2327 τό
997 2257 1167 2346 γερόντιον,
1181 2260 1261 2328 Ἀν-

127 2358 322 2444 acacinm
340 2362 386 2435 είς
407 2357 443 2426 τό
462 2360 706 2443 συμβασιλεύειν
724 2359 917 2448 Ιἐπεγείρων,
940 2363 996 2427 καί
1014 2361 1260 2446 προθυμοιτοιοῖν

176 2459 223 2533 εἰς
244 2454 280 2521 τό
301 2455 429 2534 ένεστός
455 2455 547 2544 ἔργον
578 2458 632 2526 τόν
657 2461 803 2546 α’κρατοός
822 2462 868 2537 εἰς
886 2461 980 2526 τοῦτο
998 2458 1098 2526 πόλοι
1119 2453 1258 2545 φερόμε-

251 2623 328 2706 ¹3²¹·
344 2623 379 2680 ssi
398 2626 532 2699 εἰρημένα
548 2630 632 2682 τοῦτο
652 2629 683 2680 Α,
799 2628 823 2681 3.
843 2617 876 2682 τό
897 2625 1097 2700 συγκλητικοῖς]
1117 2623 1201 2682 ἅτινα
1218 2625 1259 2685 εἰς

248 2711 300 2753 τας
317 2695 446 2769 κεφαλὰς
464 2696 559 2752 αὐτῶν
574 2699 701 2770 ἐφόρουν
710 2698 889 2771 τιεριφτιίρια
902 2700 1000 2770 ἄστιρα
1010 2699 1047 2757 τίς
1065 2699 1259 2768 σογκλιμικοί,

249 2767 410 2833 ἐκβαλόντες
434 2759 504 2821 aare
524 2771 574 2820 zei
593 2768 652 2822 dud
672 2773 729 2826 τοῖν
744 2773 901 2832 ἐξόπισθεν
919 2773 959 2829 εἰς
975 2759 1027 2828 τός
1047 2766 1138 2838 ῥᾶγας
1164 2764 1259 2820 aare»

249 2841 438 2910 κρεμαμένων
454 2843 566 2892 πανίαν
584 2841 802 2914 δντετολιμίνων
827 2841 948 2912 δσιιρων
972 2839 1103 2910 ἔγύριζον
1127 2833 1200 2888 arisai
1217 2837 1258 2893 ελς

247 2905 298 2965 τός
313 2917 412 2980 χεῖρας
428 2911 523 2963 adesir
539 2912 577 2968 τός
596 2915 722 2982 σφαίρας
745 2912 775 2964 Β.
865 2929 889 2980 φ.
913 2906 1108 2980 ἐξαλλόμενοι]
1128 2905 1259 2972 ἐξήλλον-

245 2997 279 3034 το
296 2981 327 3033 Δ.
418 2980 898 3054 ιο.τίναιδειας1δδιαντροιτίαςΒ.
992 2996 1028 3047 ιγ.
1045 2967 1152 3046 σχεδόν
1168 2991 1213 3027 om
1229 2977 1259 3027 Α.

251 3055 290 3107 ¹8·
310 3047 475 3106 ἐπευδοκδκ
491 3051 522 3105 A.
615 3069 654 3120 ¹9·
673 3052 705 3105 ἐν
722 3051 792 3124 τοῖς]
823 3047 877 3104 σόν
894 3055 955 3108 τοῖς
979 3048 1074 3107 ἄλλοις
1097 3047 1137 3112 Α,
1154 3045 1261 3100 emissis

246 3111 278 3176 τό
296 3121 455 3193 γερόντιον.
532 3135 575 3173 nr.
593 3121 645 3197 ets]
666 3121 715 3176 ἐπὶ
732 3123 763 3173 Α.

178 3289 285 3326 minore
304 3273 353 3343 qui
371 3272 406 3326 de
422 3272 571 3326 Andronici
590 3273 778 3344 designatione
795 3275 894 3344 passim
913 3271 1062 3340 vagabatur
1078 3267 1190 3332 audite,
1210 3266 1261 3320 im·

175 3345 257 3415 probi
276 3352 457 3396 assentatores
476 3361 530 3395 uno
546 3345 643 3413 spiritu
659 3346 689 3396 in
705 3347 874 3412 tyrannicam
891 3343 1000 3394 domum
1020 3355 1090 3410 quae
1100 3339 1262 3392 Michaelizs

177 3415 295 3479 dicitur,
312 3414 361 3466 ubi
380 3417 433 3466 ista
449 3413 652 3477 tractabantur,
667 3421 863 3485 properarunt3
882 3423 910 3466 et
922 3411 1065 3464 senatoriis
1083 3409 1201 3480 capitum
1219 3417 1262 3464 te-

177 3485 315 3554 gminibus
335 3483 474 3549 detractis,
490 3485 566 3538 albas
583 3484 712 3537 sindones
732 3502 766 3537 ex
780 3485 900 3538 lurmeris
913 3481 1099 3554 dependentes
1116 3481 1147 3532 in
1166 3479 1261 3534 orbem

179 3557 392 3622 convolveruut3
410 3564 438 3608 et
458 3556 582 3608 coetibus
603 3557 633 3606 in
652 3556 740 3609 triviis
759 3557 869 3620 coactis,
888 3563 919 3607 ut
934 3553 1116 3625 praesultores
1135 3549 1262 3617 ολιοτοεε,

175 3627 292 3678 fractum
312 3635 341 3678 et
356 3626 439 3678 molle
456 3626 593 3679 canticum
610 3628 742 3697 auspicati
763 3627 926 3691 exultarunt,
941 3643 1000 3678 cum
1012 3624 1110 3695 plausu
1122 3639 1262 3686 manuum,

176 3697 213 3748 ad
233 3714 375 3748 numerum
392 3698 531 3750 saltantes.
549 3714 566 3748 ο
585 3697 784 3767 impudentiam
803 3697 965 3765 singularem
987 3705 1015 3750 et
1033 3693 1173 3748 vaecordia
1201 3694 1262 3744 uni-

176 3769 215 3819 mi
232 3768 385 3820 levitatem!
403 3787 463 3819 cum
481 3777 574 3820 autern
591 3767 762 3820 Andronicus
784 3785 817 3820 ex
843 3768 990 3836 tyrannicis
1016 3765 1130 3818 aedibus
1151 3765 1180 3816 in
1198 3764 1262 3816 ula-

175 3839 317 3889 chernium
336 3840 470 3908 palatium
487 3839 672 3891 descendisset
689 3847 717 3891 et
734 3839 860 3907 Polytimi
877 3837 1006 3890 sublimes
1025 3836 1106 3890 aedes
1125 3837 1261 3902 ingressos

177 3917 265 3972 esset,
284 3911 366 3960 etiam
385 3911 497 3964 Alesios
517 3911 665 3980 imperator
684 3909 925 3962 acclamationibus
943 3918 971 3960 et
983 3907 1107 3978 suspiriis
1118 3904 1260 3958 hominum

177 3979 281 4030 excitus
300 3981 402 4050 (neque
422 3981 495 4032 enirn
514 3997 608 4034 ornnes
626 3998 674 4032 eae
692 3982 871 4051 intemperiae
889 3979 1039 4049 agitabant)
1059 3977 1107 4030 ubi
1127 3975 1260 4046 palatium

175 4049 335 4101 hominibus
354 4051 485 4103 refertum
503 4059 531 4103 et
546 4051 729 4105 Andronicum
741 4051 776 4102 ab
795 4050 921 4104 omnibus
940 4068 989 4122 pro
1007 4051 1169 4119 imperatore
1188 4044 1261 4097 cele-

175 4121 250 4172 brari
267 4119 353 4184 vidit,
373 4123 489 4191 tempori
501 4123 673 4176 serviendum
692 4131 765 4175 ratos
785 4123 843 4176 seui
863 4141 921 4176 cum
940 4119 1054 4175 caeteris
1066 4119 1192 4172 adulatus
1209 4123 1260 4176 est,

178 4207 295 4265 eumque
315 4190 351 4244 ad
377 4192 484 4264 imperii
501 4193 659 4248 societatem
677 4195 801 4258 vocavit,
827 4193 862 4246 ad
891 4191 966 4264 quod
992 4193 1047 4246 iam
1074 4189 1140 4242 olim
1161 4201 1258 4255 magno
