3017 4892
356 347 411 410 on
440 347 630 410 simonio
657 346 854 412 consano
877 348 954 411 no.
982 351 1040 412 vn
1078 291 1085 309 ⁹
1151 358 1234 442 277

158 499 319 582 βούλημα,
338 497 394 562 καί
422 493 616 579 όκυρῶσειν
636 497 805 580 προέθετο,
835 497 892 572 τοὶς
914 502 1013 583 μηδὲν
1038 503 1075 589 τῇ
1103 501 1238 590 οἷληθεέρ

155 600 388 678 ’λυμαινομένας
414 593 495 660 α’λλό
519 594 685 682 θεοσόφως
710 596 879 678 λεχθείσας
900 597 1005 683 ῥήσεις
1023 604 1086 666 τῶν
1100 605 1236 688 μακαρί·

158 723 204 762 οον
235 693 432 760 διδασκάλων
461 699 516 777 τῆς
536 697 727 780 οἰκουμένης.
769 698 831 760 τῶν
859 695 998 781 μὲνγὰρ
1022 696 1173 781 λεγόντων
1191 703 1238 790 τῷ

158 798 250 883 αἰτίῳ
269 795 417 878 εἰρῆσθαι
436 797 583 876 μείζονα,
603 796 664 859 τῶν
692 797 727 858 δὲ
743 792 825 858 κατοὶ
846 793 881 858 τό
904 789 1100 880 α’νθρῶπινον
1119 800 1237 884 ἐξειλη-

128 891 265 980 5φότονν
284 895 340 956 καί
359 894 404 980 τῷ
430 891 671 977 προσλήμματι,
697 895 737 958 od
755 899 798 980 τῷ
812 891 895 986 ,λόγῳ
915 891 972 978 τήν
993 895 1100 980 φωνὴν
1119 897 1237 982 ταύτην

156 988 429 1073 όπονειμαμένιον,
460 984 564 1075 ῶσπερ
589 995 645 1054 καί
666 988 700 1056 τό
731 991 812 1074 πρός
830 990 890 1057 τόν,
904 995 1025 1076 πατέρα
1045 997 1238 1076 πορεύεσθαι

156 1095 213 1156 καί
232 1087 268 1154 τό
289 1087 444 1174 ἔρχεσθαι
462 1092 520 1154 rosi
539 1088 654 1172 κόσμου
671 1090 727 1155 τόν
748 1082 886 1172 ἄρχοντα
905 1096 962 1156 και·
980 1094 1157 1176 ἐρευνῶντα
1176 1119 1238 1178 μιγ-

157 1191 212 1254 osv
230 1183 311 1264 όλοος
334 1185 492 1271 εὑρίσκειν
520 1189 555 1252 όν
587 1191 690 1274 αὐτῷ,
718 1190 812 1252 τινῶν
838 1191 875 1252 δὲ
898 1191 975 1274 περὶ
1002 1193 1059 1254 τοῦ
1082 1187 1176 1272 λόγου
1200 1190 1236 1256 τό

155 1291 263 1368 μεῖζον
282 1288 510 1369 όκλαβομένων,
533 1286 594 1369 οῶχ
614 1285 722 1363 ἅπλῶς
742 1289 779 1352 δέ
794 1289 850 1351 καί
865 1291 932 1352 κατ’
942 1281 1065 1384 Ιοόσέαν
1082 1287 1163 1352 ἀλλὰ
1182 1288 1265 1366 όιός

112 1384 211 1470 ιοτῆν
228 1389 263 1450 έν
286 1389 332 1473 τῷ
348 1387 589 1470 ε’νανθραπῆσαι
610 1380 710 1468 όκραν
731 1389 861 1451 κένωσιν
886 1384 941 1450 κατ’
957 1390 1162 1467 ταπεινωσιν,
1183 1387 1239 1452 καί

156 1479 258 1550 ἄλλων
290 1477 393 1559 ἄλλως
428 1483 568 1565 εὐσεβῶς
583 1487 692 1566 μέντοι
711 1483 940 1566 ἐκδεξαμένων,
960 1481 1079 1560 ταύτας
1098 1486 1156 1549 οὐκ
1177 1480 1236 1550 οἶδ’

155 1579 239 1662 όπιος
259 1584 453 1668 α’ποστόρξας
468 1580 512 1657 ῶς
533 1575 594 1664 οόχ
615 1579 729 1657 ἱκανῶς
747 1586 823 1667 περι1
835 1586 894 1647 τοῦ
904 1585 1109 1667 προκειμένου
1129 1583 1236 1649 sinod-

154 1707 222 1766 σας,
242 1685 298 1748 καί
316 1678 429 1768 ἑτέραις
451 1679 531 1746 adad
554 1678 770 1766 όιὴρμρυευεν.
812 1677 923 1763 ἀμέλει
941 1685 997 1746 καί
1008 1681 1143 1748 σόνοόον
1159 1707 1237 1767 συγ-

154 1782 308 1867 κροτήσας
342 1783 397 1846 καί
424 1775 508 1846 ἅπαν
538 1773 610 1846 όσον
641 1790 705 1856 τοῖς
735 1777 836 1856 θείοις
857 1779 969 1866 ἔχαιρε
998 1783 1132 1864 δόγμασι
1161 1806 1239 1847 συν-

110 1887 325 1968 ιόαθροίσας,
361 1882 468 1966 ἐνῆγεν
494 1881 625 1945 ἕκαστον
662 1880 696 1943 έν
724 1880 807 1966 τόμιρ
835 1882 1012 1967 δογματικρῖ
1042 1877 1239 1965 ὑπογράφειν

152 1981 317 2062 ὁρίζοντας
338 1977 455 2044 adsoni
476 1979 698 2061 ,,α’ποόέχομαι
721 1979 781 2056 μὲν
798 1981 853 2041 καὶ
879 1975 937 2052 τοὶς
958 1976 1034 2062 περὶ
1051 1976 1140 2042 τοῶό
1160 2004 1237 2043 πα-

149 2078 225 2166 τήρ
245 2101 321 2162 μου
340 2081 495 2160 μείζων
513 2077 590 2157 μού
612 2077 699 2141 ἔστι
727 2076 792 2140 τῶν
809 2077 979 2160 θεοφόρων
1001 2081 1144 2160 πατέρων
1166 2100 1236 2162 φοι-

151 2179 227 2258 νῶς,
250 2179 329 2260 λέγω
358 2179 393 2242 δὲ
413 2177 562 2262 εἰρῆσθαι
590 2176 683 2238 τοῦτο
708 2171 765 2238 καὶ
793 2173 876 2239 κατὰ
904 2172 962 2255 τὴν
986 2173 1021 2240 έν
1047 2175 1134 2262 asiscli
1166 2200 1233 2239 κτι..

151 2275 228 2363 στῆν
248 2278 304 2343 καὶ
321 2275 464 2361 παθητὴν
479 2275 615 2358 adesa?
653 2276 748 2339 τοῶτο
773 2275 809 2338 δὲ
826 2269 883 2337 οόκ
904 2267 962 2338 οἶδ’
980 2269 1065 2348 όπιος
1083 2272 1121 2338 τό
1142 2271 1235 2340 ἔλατ-

103 2400 204 2446 εοτον
229 2373 309 2460 πρός
338 2373 390 2440 τόν
421 2377 541 2458 πατέρα
564 2375 610 2462 τῷ
636 2371 698 2461 υἱῷ
727 2369 1002 2458 σαρκοφορήσοντι
1020 2378 1231 2460 περιπιθησιν,

151 2473 195 2552 ῶς
228 2473 316 2558 εἴπερ
348 2474 550 2557 α’πιολέσθιγσε
579 2474 637 2556 τῆς
665 2469 810 2558 ἰσότητος
830 2469 885 2536 did
908 2469 963 2555 τήν
983 2474 1039 2555 τῆς
1069 2472 1261 2557 dadoenus-c

149 2599 204 2660 νιγς
232 2571 357 2660 φόσεοος
381 2571 558 2658 πρόσληψιν
584 2574 638 2635 καί
660 2569 719 2654 τὴν
751 2569 831 2656 πρός
857 2567 941 2655 ἡμᾶς
967 2573 1153 2656 ἐπιδημίαν,
1184 2572 1230 2656 μὴ

150 2672 208 2758 τόν
235 2671 320 2739 ἰδιόιν
351 2671 407 2736 καί
441 2667 541 2746 οόττος
566 2667 737 2748 ἆναστόζτον
764 2672 874 2752 δόξαν,
897 2678 964 2747 τοῖς
985 2674 1020 2736 δὲ
1051 2675 1108 2754 τῆς
1135 2670 1232 2737 κενοό-

151 2795 231 2848 σεοος
248 2775 372 2857 μέτροις
397 2770 618 2850 έναπομεένος,
638 2762 660 2852 ἢ
680 2766 724 2852 μὴ
747 2770 873 2845 θεῶσας
892 2766 948 2834 nod
966 2768 1102 2853 όψῶσας
1121 2767 1156 2835 τό
1174 2794 1231 2835 τα-

225 2957 264 2998 ιο.
285 2937 418 3013 κένωσιν]
439 2937 545 2994 ἕνωσιν
562 2941 592 2992 Δ.
671 2953 713 2992 ar.
734 2939 883 3011 toosoptac
899 2940 928 2990 Β.
948 2955 984 2992 an
997 2938 1160 3009 toorsptoc?

150 3096 283 3146 luntatem
302 3101 331 3146 et
346 3093 509 3144 sententiam
529 3092 721 3144 universalium
742 3091 881 3145 doctorum
900 3091 1058 3153 sententias,
1075 3107 1131 3142 non
1148 3091 1231 3142 modo

150 3165 258 3217 ueritati
282 3181 337 3215 non
364 3164 536 3216 adversantes
557 3164 606 3215 sed
635 3163 767 3216 divinitus
793 3163 894 3226 editas,
920 3160 1140 3213 accommodavit.
1167 3178 1232 3214 nam

150 3253 211 3286 cum
227 3234 278 3284 alii
302 3233 395 3285 dicant
412 3243 516 3303 patrem
545 3243 577 3284 ut
593 3233 645 3285 filii
665 3242 803 3285 auctorem
824 3234 878 3287 dici
897 3235 1044 3292 maiorem,
1062 3232 1110 3280 alii
1129 3229 1163 3280 de
1181 3248 1232 3301 na-

149 3314 209 3358 tura
233 3305 350 3356 humana
374 3303 402 3355 id
421 3305 593 3372 intelligant,
616 3313 645 3356 et
659 3304 689 3354 id
706 3304 809 3356 dictum
835 3321 892 3356 non
908 3301 991 3353 verbo
1010 3300 1056 3351 sed
1078 3310 1230 3369 assumptae

149 3376 223 3426 carni
252 3373 418 3439 attribuant,
441 3383 519 3426 utet
544 3375 592 3424 illa
611 3373 645 3425 de
668 3375 836 3442 proiectione
855 3373 891 3426 ad
912 3381 1034 3440 patrem,
1058 3369 1092 3422 de
1111 3369 1230 3423 adventu

148 3445 278 3516 principis
291 3444 405 3507 muudi,
430 3445 478 3514 qui
496 3443 567 3499 nihil
585 3445 689 3512 inipso
714 3445 852 3509 inveniat3
871 3443 935 3504 alii,
957 3441 1009 3492 etsi
1028 3440 1061 3490 de
1082 3441 1164 3492 verbo
1181 3458 1230 3496 vo-

148 3533 206 3567 cem
225 3518 316 3568 maior
337 3515 489 3584 accipiant,
517 3513 712 3566 nonabsolute
735 3521 827 3566 tamen
852 3522 881 3565 et
906 3511 1102 3575 essentialiter,
1126 3511 1174 3564 sed
1191 3513 1228 3564 ob

148 3585 381 3637 inhumanationis
411 3601 540 3636 summam
570 3584 791 3636 extenuationem
815 3592 844 3636 et
859 3583 1060 3646 humilitatem
1081 3592 1162 3653 atque
1180 3583 1229 3634 alii

146 3657 243 3720 aliter,
260 3656 306 3724 pie
335 3664 442 3719 tumen,
472 3655 627 3724 explicent:
657 3654 707 3718 iis,
737 3655 830 3706 neseio
854 3652 1006 3723 quomodo,
1025 3661 1056 3704 ut
1073 3655 1229 3723 propositae

147 3727 301 3797 quaestioni
320 3743 376 3776 nou
401 3725 630 3778 satisfacientibus
656 3725 834 3794 improbatis,
854 3726 936 3774 aliam
955 3723 1049 3776 attulit
1066 3726 1229 3793 interpretu-

148 3797 267 3858 tionem,
282 3795 441 3864 indictoque
462 3797 578 3848 concilio
603 3804 631 3847 et
649 3795 775 3848 omnibus
799 3811 932 3848 sacrarum
953 3795 1104 3846 litterarum
1121 3795 1229 3846 studio-

146 3868 184 3919 sis
201 3868 355 3918 convocatis
372 3867 493 3936 singulos
511 3865 634 3918 hortatus
652 3875 694 3918 est
711 3873 742 3917 nt
761 3867 788 3917 ei
815 3865 924 3918 decreto
941 3865 994 3918 hoc
1010 3865 1091 3916 modo
1109 3865 1229 3916 subscri-

146 3937 257 3989 berent:
276 3937 423 4006 „equidem
444 3939 526 3990 etiam
544 3937 569 3988 S.
597 3944 703 4005 patrum
723 3953 802 3988 voces
822 3936 857 3987 de
881 3936 929 3988 illo
949 3937 1022 3988 dicto
1039 3949 1120 4008 pater·
1137 3938 1229 3988 maior

146 4021 185 4061 est
203 4025 242 4058 mo
269 4007 430 4075 amplector:
460 4009 504 4060 aio
522 4016 613 4058 tamen
639 4005 667 4057 id
685 4005 788 4060 dictum
813 4009 949 4075 pertinere
968 4008 1001 4058 ad
1023 4024 1128 4058 carnem
1146 4007 1174 4057 in
1193 4021 1227 4056 eo

146 4077 283 4130 conditam
304 4086 332 4128 et
350 4078 530 4146 passibilem.”
549 4077 623 4145 quod
640 4079 732 4128 nescio
747 4077 884 4146 quomodo
903 4079 959 4130 filio
979 4079 1117 4130 incarnato
1139 4078 1227 4128 minus

146 4147 245 4200 tribuit
263 4149 443 4228 quam-putri,
463 4147 577 4216 perinde
595 4165 626 4199 ao
643 4146 665 4198 si
680 4147 715 4199 oh
734 4156 848 4200 naturae
864 4149 998 4202 hnmanae
1015 4148 1227 4216 assumptionem

147 4226 176 4274 st
191 4219 439 4290 peregrinationem
461 4219 491 4274 iu
508 4226 607 4273 terrm
624 4217 683 4290 pari
708 4216 843 4288 dignitate
860 4220 1018 4284 excidisset,
1037 4235 1068 4271 ae
1085 4237 1161 4274 suam
1177 4235 1227 4270 au-
