3017 4892
295 353 384 450 386
498 422 500 425 -
615 373 796 453 'nicetio
827 371 1063 456 cuouilmn

260 557 388 623 υνεια,
405 537 465 616 τάς
481 539 516 604 dr
533 540 577 627 τῷ
594 537 716 621 μεταξό
739 537 849 628 χώρας
869 538 1019 627 όμολογίη
1040 535 1134 623 αλρεί.
1165 536 1248 620 inuri
1270 539 1306 604 dd
1319 539 1383 603 τῶν

295 638 547 726 στρατευμάτων
569 639 650 703 κατά
670 663 706 704 τε
725 643 784 724 γῆν
807 635 887 703 κατά
908 661 942 704 τε
965 639 1126 703 θάλατταν
1151 636 1210 722 τήν
1233 635 1384 722 λαμπράν

295 741 333 807 όν
352 736 462 804 πόλεσι
482 737 715 823 Θεσσαλονιλιην
733 738 948 821 διαλαβόντων
976 735 1074 824 μίτρᾳ
1086 729 1202 818 Ἀρεος
1230 735 1286 802 καί
1312 739 1383 800 δια·

295 838 480 920 ζωσόντιον,
502 831 586 901 ἑάλω
606 831 686 922 αὕτη
704 839 868 925 πολιορκίᾳ
887 837 943 901 καί
961 833 1036 901 εἴσω
1055 839 1131 918 μεθ’
1150 835 1272 921 ἡμέρας
1292 837 1383 919 digr-

293 963 350 1006 ται
365 935 400 1004 τό
420 938 588 1020 πολέμιον,
609 931 723 1004 οὔκουν
749 935 856 1003 διὰτὸ
875 939 937 1002 τῶν
957 933 1045 1002 ἔνδον
1073 935 1280 1019 α’μυνομένων
1300 933 1413 1002 ἀπό-5

294 1038 417 1119 λαμνόν
436 1059 470 1102 τε
491 1038 548 1101 καί
573 1033 808 1120 άπειρόμαχον,
836 1033 893 1119 την
924 1037 960 1100 δὲ
989 1036 1148 1116 μαλακίαν
1175 1037 1296 1116 μᾶλλον
1324 1039 1385 1100 τοῦ

293 1138 544 1222 στρατηγοῦντος
556 1135 664 1216 Audiri
682 1138 738 1200 τοῦ
757 1137 792 1200 ἐκ
812 1137 998 1220 Κομνηνιόν.
1040 1127 1131 1212 οὗτος
1150 1133 1212 1221 γάρ
1234 1136 1267 1211 ἐς
1291 1133 1385 1200 οὐδὲν

293 1233 452 1322 χρήσιμος
472 1244 540 1312 τοῖς
563 1236 846 1302 Θεοσαλονικεόσιν
865 1233 997 1322 όφθείς,
1019 1233 1202 1313 δεξιώτατος
1227 1236 1262 1300 δὲ
1288 1232 1384 1317 μόνον

293 1333 460 1420 γενόμενος
479 1335 534 1400 αἐἰ
553 1337 691 1399 δεδιέναι
708 1334 910 1421 ’Λνδρόναιον
937 1336 993 1400 καί
1020 1333 1135 1420 τρόπον
1158 1335 1312 1418 ἐπιζητεῖν
1342 1335 1385 1397 δι’

195 1440 227 1499 V.
240 1428 336 1520 ιληοό
357 1433 397 1520 δὴ
419 1431 478 1510 τάς
497 1429 636 1511 οἷάπτους
655 1433 775 1500 ἐκείνου
795 1444 907 1518 χεῖρας
935 1436 1175 1520 διαφευξείται,
1205 1435 1276 1499 δίον
1296 1435 1383 1516 κόμα
1397 1453 1436 1495 ιο

295 1529 461 1619 θαλάσσης
480 1532 632 1598 όπελθεῖν
660 1526 682 1617 ἢ
705 1530 784 1598 κατά
809 1535 932 1619 πετρῶν
950 1529 1107 1618 ἠλιβάτων
1132 1537 1243 1614 βαλεῖν
1272 1529 1387 1598 ἔαυτόν

297 1627 321 1720 ἢ
339 1626 429 1719 όρεσι
447 1636 503 1697 καί
522 1633 687 1716 σπηλαίοις
707 1634 862 1718 εὑρέσθαι
885 1631 1067 1719 ἀποκρυβην
1085 1627 1107 1718 ἢ
1117 1630 1199 1698 κατά
1220 1633 1388 1720 προφήτην

271 1731 428 1822 ’φυγάδα
448 1730 533 1817 κη’τει
551 1733 713 1822 θαλαττίῳ
733 1736 970 1818 καταποθῆναι,
992 1731 1010 1797 ό
1033 1735 1068 1798 δὲ
1093 1736 1219 1798 τοιοῦτο
1243 1738 1302 1816 μὲν
1330 1733 1387 1796 ου’-

297 1836 352 1900 ter
368 1858 401 1898 τι
421 1840 522 1897 ποιεῖν
542 1833 729 1914 ἐπεβάλετο,
750 1829 805 1898 ἐπί
822 1836 901 1921 κακῇ
923 1835 959 1898 δὲ
978 1834 1076 1922 μοίρρι
1096 1830 1151 1917 τὴν
1171 1835 1234 1898 ταῖν
1261 1835 1386 1899 Θεσσα-

296 1937 444 1999 λονικέων
461 1933 610 2014 χειρίςων
633 1931 738 2016 οἷρχηυ
761 1932 817 1996 καί
843 1931 901 2016 τῆν
921 1931 1115 2017 όρχηγιλινό
1146 1937 1204 1997 καί
1229 1927 1436 2017 piratarum

199 2048 228 2103 P.
241 2031 472 2121 ιφθηλότερος
490 2029 547 2096 καί
557 2031 620 2096 τῶν
640 2030 770 2119 ἐλάφων
790 2031 962 2118 δειλότερος
982 2027 1040 2096 ode
1059 2032 1194 2109 εόκλεοός
1222 2023 1387 2119 κληρωσά-

295 2152 404 2216 μενος,
425 2129 525 2196 ἔλαθε
544 2130 618 2207 roric
639 2135 898 2215 συλληψομένους
931 2129 1026 2197 ου’τόν
1057 2155 1093 2197 τι
1124 2132 1180 2198 καί
1208 2130 1268 2216 την
1298 2133 1388 2199 πόλιν

298 2233 537 2315 ’Θεσσαλονίκην
553 2231 610 2293 καί
628 2228 794 2314 πόρρωθεν
815 2223 905 2306 όντας
921 2227 1201 2314 μεταπεμπόμενος
1217 2225 1387 2317 ἄντικρυς,

298 2335 356 2396 καί
371 2326 490 2396 ἑαυτόν
517 2332 648 2406 εἰιείνοις
669 2331 826 2415 ίγχείριον
845 2325 990 2396 ἓκοόσιον
1014 2329 1164 2417 ζοόγρημα
1190 2333 1309 2397 θέσθαι
1330 2329 1383 2398 διά

298 2427 417 2503 παντός
439 2431 591 2510 μελετῶν.
633 2428 747 2493 ου’κοῦν
767 2428 823 2494 καί
838 2430 897 2494 rori
915 2432 970 2514 τῆς
988 2427 1096 2515 μάχης
1123 2425 1286 2506 ἐνστάντος
1314 2445 1437 2494 και-σο

299 2527 360 2612 ροό
379 2526 437 2590 καί
454 2531 613 2592 παντοίων
632 2522 736 2592 όπλων
766 2532 822 2594 καί
837 2532 992 2614 μηχανῶν
1013 2533 1203 2610 κινουμένων
1228 2527 1305 2594 κατά
1330 2531 1386 2614 τῆς

298 2623 418 2704 πόλεως
438 2623 558 2712 θεατὴς
575 2628 639 2693 τεόν
659 2633 818 2719 πολεμίοιν
836 2626 978 2711 μάλιστα
1006 2622 1044 2715 ἦν
1067 2629 1182 2712 αότός,
1213 2631 1270 2694 ode
1298 2629 1386 2695 ἀντί-

297 2730 406 2804 παλος.
448 2717 604 2812 οὔτεγὰρ
624 2728 665 2792 δι’
679 2722 754 2813 όλης
773 2731 829 2816 τῆς
850 2729 1034 2814 πολιορκίας
1052 2724 1149 2817 άφθη
1169 2725 1385 2815 ἑπειιδραμιόν,

366 2895 393 2950 (λ
410 2893 571 2970 μαλακίαν]
590 2893 713 2967 ἀνδρίαν
729 2900 760 2950 Α.
853 2899 907 2953 του·
928 2897 1000 2974 στρ]
1015 2899 1065 2962 τῆς
1082 2894 1163 2957 ίντδς
1178 2895 1387 2971 εδρισκομίνυε

369 2967 496 3037 κεφαλῆς
512 2964 541 3019 Β.
635 2987 674 3022 ro.
692 2966 737 3042 dri]
758 2983 812 3038 περ
830 2971 861 3023 Δ.
959 2974 998 3026 ι5.
1018 2969 1046 3043 ό]
1066 2968 1202 3036 ταὺτηςό
1222 2971 1253 3025 Δ.
1346 2971 1386 3024 τό.

369 3036 535 3113 θηλδτερος]
551 3038 764 3110 γυναικάτερος
779 3041 808 3092 Β,
877 3054 921 3091 m.
939 3040 1026 3100 αδτός
1043 3055 1088 3093 om
1104 3042 1136 3094 Δ.

301 3207 386 3260 leetes
403 3207 528 3278 regiones
546 3208 576 3262 in
594 3208 764 3262 deditionem
781 3209 903 3279 occepit,
931 3171 1152 3262 Thessalonicam
1171 3223 1235 3260 nero
1253 3207 1389 3260 illustrem

301 3279 397 3331 urbem
425 3289 498 3333 terre
525 3280 649 3350 merique
675 3281 812 3332 obsessum
842 3297 941 3332 corone
960 3282 1053 3350 cepit,
1074 3297 1105 3332 uc
1125 3286 1188 3349 post
1205 3279 1264 3331 dies
1281 3279 1391 3350 aliquot

300 3350 453 3404 obsidionis
473 3352 621 3404 exereitum
639 3351 802 3414 introduxit,
821 3367 853 3402 eo
875 3367 1000 3402 successu
1020 3364 1076 3402 non
1094 3359 1148 3402 tum
1161 3351 1196 3401 ob
1214 3349 1390 3402 defensorum

298 3421 477 3474 timiditatem
495 3430 524 3474 et
548 3422 713 3492 imperitiam
737 3424 778 3474 rei
795 3423 922 3474 militaris
949 3438 1031 3491 quem
1052 3421 1087 3472 ob
1108 3419 1220 3473 Doridis
1237 3419 1390 3484 Comneni,

299 3491 432 3560 preelecti
455 3491 548 3556 urbis,
574 3493 709 3562 ignaviam
735 3509 809 3544 usus.
838 3493 886 3563 qui
918 3510 978 3544 cum
1001 3491 1290 3544 Thessalonicensibus
1315 3489 1389 3541 nibil

302 3560 502 3625 commodaret,
529 3562 579 3614 sed
607 3562 755 3614 metuendo
774 3563 928 3616 Andronico
954 3570 982 3614 et
1000 3561 1155 3614 crudelibus
1183 3563 1243 3613 eius
1260 3560 1389 3614 menibus

302 3630 430 3681 cavendis
456 3631 689 3700 ingeniosissimus
716 3643 807 3697 ercet,
838 3642 886 3686 out
913 3633 1011 3686 fluctus
1038 3633 1156 3685 inurinos
1175 3631 1269 3684 subire
1286 3638 1333 3683 aut
1351 3630 1390 3682 de

303 3701 415 3752 summio
440 3703 555 3771 rupibus
577 3719 607 3756 ee
628 3705 806 3774 praecipitem
833 3703 898 3756 dore
923 3713 972 3756 orit
998 3705 1027 3756 iu
1045 3704 1183 3756 montibus
1204 3711 1233 3754 et
1251 3701 1391 3774 speluncis

304 3771 404 3823 abdere
424 3780 472 3822 out
489 3772 595 3840 fugitivi
612 3775 687 3827 illius
701 3775 853 3846 prophetoe
874 3775 999 3845 exemplo
1018 3791 1033 3825 e
1049 3785 1109 3826 ceto
1128 3773 1257 3843 deglutiri
1276 3771 1394 3824 debuis-

304 3850 353 3892 set.
374 3853 467 3892 verum
495 3843 538 3893 illi
555 3841 651 3896 borum
668 3847 840 3909 nihilfecit,
870 3845 918 3898 sed
936 3846 1008 3910 molo
1027 3845 1312 3898 Thesealonicensium
1331 3841 1393 3894 isto

304 3912 380 3963 urbis
406 3911 604 3980 praefecturam
627 3935 724 3986 perum
753 3917 868 3968 honeste
895 3917 1028 3987 adeptus,
1046 3918 1087 3968 vir
1104 3915 1220 3968 muliere
1238 3913 1396 3983 corruptior

305 3991 334 4034 et
354 3983 439 4034 cervis
457 3983 595 4050 timidior,
612 3993 718 4039 tontum
739 4005 795 4039 non
818 4004 863 4039 eos
882 4005 898 4038 a
923 3989 1023 4057 quibus
1042 3987 1146 4058 etipse
1174 3994 1203 4039 et
1229 3986 1292 4036 urbr
1309 3998 1396 4054 cepe-

305 4061 382 4105 retur
398 4052 479 4124 longe
496 4053 586 4106 adhuc
601 4067 720 4110 remotos
737 4059 893 4124 accersivit3
922 4068 1006 4128 utque
1023 4059 1052 4109 in
1072 4057 1101 4110 id
1120 4073 1229 4128 operam
1249 4056 1320 4108 ultro
1341 4053 1397 4106 de-

306 4122 366 4187 dit,
384 4132 417 4176 ut
435 4125 465 4176 in
494 4142 588 4178 eorum
609 4145 705 4181 manos
731 4130 895 4198 perveniret.
913 4145 975 4189 narn
998 4146 1059 4181 cum
1080 4127 1255 4199 pugnandum
1273 4133 1346 4180 esset
1362 4131 1397 4178 et

305 4195 394 4246 omnis
412 4199 519 4264 generis
537 4215 611 4250 ormo
632 4208 661 4252 et
680 4199 823 4251 machinae
841 4208 934 4252 contra
951 4199 1047 4251 urbem
1064 4199 1271 4269 expedirentur,
1291 4213 1320 4249 se
1340 4211 1396 4264 pro

304 4267 460 4338 'speculore
483 4268 625 4336 bostium,
645 4285 701 4323 non
718 4287 768 4340 pro
795 4269 928 4323 bellatore
948 4271 1039 4341 gessit.
1055 4287 1196 4342 nunquam
1213 4277 1288 4323 cene
1305 4265 1397 4322 totino
