3017 4892
346 396 515 463 staurus
543 396 679 463 sucas
707 389 957 464 nsuazussus.
1105 375 1190 489 769

104 550 339 633 μαστιγοῦντας
360 548 394 611 έκ
413 542 558 629 περάτων
577 538 646 629 άγει
667 547 720 630 τῆς
741 546 799 629 γῆς
826 545 882 610 καί
900 549 963 613 τῦν
983 548 1018 613 έν
1042 548 1190 641 θαλάσση

106 645 250 732 μακράν,
271 648 327 711 καί
347 644 400 711 διά
424 642 588 731 προφήτου
611 646 673 731 βοᾷ
691 643 940 728 μεγαλοκῆρνκος
960 644 1118 729 ,γίγαντες
1137 650 1190 735 ἔρ.

105 769 218 830 χονται
239 748 403 829 πληρῶσαι
424 741 477 807 τὸν
500 742 605 824 θυμόν
624 766 696 825 μου,
717 744 884 825 χαίροντες
903 739 971 825 ἅμα
992 745 1047 810 κατ’
1064 750 1191 826 παίζον-

106 868 161 919 τες
182 844 365 927 ἡγιασμένοι
389 842 461 924 εἰσί,
480 840 536 905 καί
558 834 623 924 dyo
638 838 793 923 αδτοάς,”
812 840 892 906 attii
913 843 966 907 καὶ
986 841 1106 921 τούτοις
1124 850 1222 912 dus-c

71 944 205 1015 5τείνει
224 943 440 1027 σφοδροτέρας
461 938 580 1025 πληγάς
599 943 655 1004 κατ’
669 942 732 1005 τάν
754 944 857 1006 κακοῦν
876 944 1022 1025 μαστίζει
1045 954 1112 1019 τοῖς
1124 952 1193 1027 χεί-

12 1112 14 1123 ,
111 1064 203 1124 ροσι,
222 1038 320 1125 χάριν
344 1039 435 1115 stade
456 1040 605 1119 οῦδαμοῦς
627 1034 789 1122 οῦδεμίαν,
810 1042 842 1105 εἰ
858 1046 977 1126 χρῆται
998 1041 1120 1119 τούτοις
1140 1040 1195 1129 δρ-

12 1132 14 1171 ³
109 1134 220 1221 γάνοις
243 1142 288 1213 εἰς
310 1132 441 1221 ῦλεθρσν
461 1135 579 1202 πόλεσιν
598 1139 653 1203 καί
672 1147 779 1213 κακοῖς
798 1139 977 1222 έπιδημίοις
997 1145 1052 1205 καί
1073 1143 1197 1224 δημίοις

12 1237 15 1271 ¹
110 1236 289 1321 ἀνθρώπων
318 1229 542 1321 άνελέὴμοσιν,
580 1232 643 1300 εἴτε
675 1235 738 1321 μην
760 1234 804 1312 οῦς
839 1245 998 1322 νοσηλεῖαι
1026 1242 1082 1305 κατ’
1114 1237 1198 1326 φάρ-

12 1362 13 1373 ’
107 1360 200 1417 μακα
221 1338 428 1419 σοναίρονταί
446 1331 474 1398 οἱ
496 1337 529 1401 έν
548 1338 707 1412 πλείστοις
730 1334 776 1412 οῦς
797 1339 913 1419 ψοχῦν
940 1341 1040 1427 ίατρηῦ
1048 1391 1059 1421 ,
1079 1332 1125 1414 οἷς
1143 1344 1201 1406 κατ’

12 1440 15 1473 ³
52 1464 99 1507 ιο
112 1432 213 1521 φάσις
231 1432 336 1499 τοιάδε
358 1458 407 1509 τις
431 1430 534 1499 ἔνεστι
552 1442 618 1511 τοῖς
642 1431 831 1517 ἐπιστήσασι
852 1436 1016 1520 πρόδηλος.
1055 1439 1201 1521 καχεξίαν

108 1536 173 1615 μέν
192 1531 253 1617 γάρ
277 1527 299 1616 ἢ
320 1538 379 1611 τοῦ
397 1528 565 1615 κάμνοντος
588 1534 846 1617 ἀναρρωσθέντος
871 1536 1119 1617 έκμαρανθεῖσαι
1143 1545 1201 1601 τοῦ

12 1644 15 1679 ²
110 1633 197 1716 δρῦν
215 1629 328 1714 ἔληξαν
350 1624 370 1714 ἢ
391 1635 434 1719 'spi
454 1631 608 1713 πάσχοντι
632 1634 884 1697 σονδιόλλννται·
925 1630 966 1697 τά
987 1636 1016 1697 δ
1034 1634 1202 1701 άκεοίνοσα

12 1746 16 1779 ³
113 1726 271 1815 φάρμακα
293 1730 328 1795 ιδ
352 1734 525 1812 καχεκτοῦν
554 1728 721 1813 ὃτεδηποτε
743 1733 903 1814 ίασάμενα
928 1738 998 1810 ταῖς
1027 1737 1092 1799 τοῖν
1118 1735 1203 1799 diois

12 1842 18 1883 ι
113 1827 314 1911 α’τιμοτέραις
338 1828 549 1909 σομπράιισιν
577 1827 801 1911 α’χρειοῦμενα.
840 1834 963 1916 χρῆναι
990 1836 1093 1896 τοίνυν
1120 1830 1205 1919 φημὶ

12 1966 15 1985 ,
56 1925 159 2009 ιόμη
184 1930 307 2009 βιβλίον
333 1928 529 1991 α’ποστασίοο
559 1922 639 2009 πρὸς
669 1931 748 1990 θεοῦ
777 1930 944 2009 δεδομένον
975 1930 1052 2015 ἡμῖν
1078 1927 1099 2015 ἢ
1128 1934 1204 2014 γοῦν

12 2056 15 2087 ι
111 2028 180 2090 τοῖν
199 2023 386 2107 άγριελαίαν
404 2020 577 2108 βαρβάρων
597 2029 736 2108 παντελῆ
757 2027 946 2109 έγκέντρισιν
974 2031 1021 2103 εἰς
1046 2028 1104 2112 τὴν
1130 2032 1236 2098 καθ’λ)

12 2152 17 2185 ι
112 2121 201 2211 ἡμᾶς
222 2130 420 2190 καλλιέλαιον
441 2126 479 2189 τά
503 2125 632 2189 ἐπιόντα
661 2120 788 2189 οἴεσθαι
808 2125 916 2209 δεινά,
946 2123 1027 2191 attii
1057 2132 1205 2194 παιδείαν

13 2230 19 2289 7:
111 2222 257 2307 μικράν,
279 2218 391 2289 δποίαν
413 2222 518 2310 έσησιν
539 2221 665 2307 ἐπάγειν
685 2221 782 2305 θεάς,
810 2223 909 2299 α’ντεές
937 2228 991 2289 τοῦ
1021 2219 1101 2310 dyas
1128 2230 1205 2311 μηδ’

12 2362 18 2393 ι
113 2321 260 2398 ένδιδοῦς
281 2318 321 2387 τοὶ
346 2320 447 2389 πάντα
467 2332 532 2400 τοῖς
554 2330 759 2407 πειραοταῖς,
782 2320 863 2388 α’λλά
884 2321 940 2388 καί
966 2328 1029 2389 τίῦν
1060 2330 1205 2410 πειραζο-

13 2458 17 2491 =
56 2424 219 2504 αομένοον
242 2424 275 2486 έν
294 2424 385 2503 μέρει
409 2420 619 2509 φειδόμενος,
647 2420 703 2486 καέ
721 2420 861 2503 μάλιστα
891 2424 923 2487 εἰ
947 2422 982 2488 τά
1013 2427 1072 2504 μέν
1100 2428 1205 2509 δρῦν,

13 2542 16 2607 ‘3
112 2517 210 2605 κάρον
233 2520 290 2583 οῦκ
310 2518 393 2595 εἰδός
421 2524 659 2605 α’νοοιοαργίας,
694 2519 750 2584 καί
779 2515 882 2586 αῦτοῦ
911 2523 1132 2605 κατεπαίρεται
1161 2526 1205 2588 δι’

14 2656 19 2687 ι
113 2620 269 2701 α’σέβειαν
287 2622 363 2705 παρ’
389 2610 427 2683 οῦ
451 2616 507 2703 τὴν
525 2616 621 2702 ίσχάν
642 2615 766 2705 εέλὴφει
787 2621 848 2683 τοῦ
866 2624 1059 2705 μαστιγοῦν,
1082 2618 1125 2697 ὥς
1142 2625 1204 2703 μὲν

192 2772 230 2823 15.
250 2764 268 2835 η’
284 2762 366 2843 γοῦν]
386 2764 402 2835 ἢ
423 2770 471 2823 ἵνα
488 2760 545 2823 cino*
564 2770 613 2835 τῆς
631 2770 810 2822 καλλιελαίοο
829 2770 911 2842 'ipris
928 2769 1028 2836 άρετῆς
1042 2784 1070 2821 τε
1088 2776 1135 2823 καλ
1152 2775 1204 2825 πί·

189 2853 274 2900 ussus
294 2842 333 2900 etr
352 2839 387 2894 ui
408 2838 503 2895 αῦτιλν
520 2841 574 2907 ἤδη
594 2842 845 2912 ἐγκεντρισθιὸμςν
863 2844 912 2892 καλ
928 2842 1022 2902 τάξεις
1040 2842 1068 2891 Β.

113 2977 236 3034 vicissim
253 2994 373 3031 mensam
400 2978 511 3030 instruit
536 2994 625 3029 coram
646 2978 686 3029 eis
705 2993 721 3030 s
740 2974 840 3047 quibus
861 2976 1001 3044 affligitur,
1025 2982 1054 3028 et
1073 2976 1202 3047 poculum

135 3050 235 3117 orrigit
250 3048 418 3101 humanitate
435 3057 463 3100 et
479 3048 618 3100 hilaritate
636 3049 748 3117 plenum
768 3055 796 3098 et
820 3044 857 3097 ob
881 3048 940 3098 vini
964 3045 1115 3099 bonitatem
1142 3048 1204 3099 ine·
1272 3044 1278 3059 ¹

112 3068 219 3174 briant.
239 3120 261 3169 si
282 3116 462 3188 flagellatores
480 3117 514 3169 ab
533 3118 659 3170 extremis
676 3126 766 3169 terrae
790 3116 926 3186 marisque
947 3115 1047 3169 linibus
1070 3116 1202 3182 adducit,

115 3200 145 3243 et
163 3205 214 3260 per
231 3189 391 3259 prophetam
416 3206 542 3256 magnum
566 3203 728 3259 praeconem
754 3184 878 3239 clamitat
897 3186 1048 3255 „Gigantes
1071 3188 1202 3252 veniunt,

115 3271 148 3313 ut
180 3258 308 3327 expleant
329 3260 396 3311 iram
423 3274 532 3320 meam,
564 3258 643 3309 simul
668 3266 696 3310 et
720 3256 855 3309 laetantes
885 3264 913 3309 et
938 3257 1078 3322 ludentes3
1110 3274 1201 3310 sacro-

20 3380 22 3387 s
116 3328 305 3390 sanctisunt,
330 3338 359 3383 et
384 3347 400 3381 a
428 3345 472 3379 me
496 3326 695 3380 adducuntur?
734 3328 811 3395 atqui
838 3328 1006 3396 gravioribus
1027 3328 1115 3397 plagis
1142 3344 1204 3381 eos-

117 3400 183 3452 dem
208 3398 292 3451 allicit
316 3408 344 3451 et
371 3398 553 3451 deterioribus
579 3398 657 3450 malis
682 3396 815 3465 flagellst3
839 3414 890 3449 aec
913 3396 997 3448 ullam
1027 3398 1066 3449 eis
1089 3399 1202 3467 gratiam
1245 3416 1248 3421 ·

21 3520 22 3533 η
116 3468 222 3529 habet,
259 3470 282 3519 si
307 3486 356 3538 pro
384 3468 571 3521 instrumentis
602 3468 636 3519 ad
667 3468 813 3537 perniciem
842 3463 952 3519 urbium
979 3475 1007 3519 et
1030 3468 1202 3538 publicarum

21 3540 22 3545 ’
118 3538 239 3593 cladium
259 3546 287 3590 et
302 3556 352 3609 pro
371 3539 526 3590 crudelibus
543 3538 684 3590 bominum
700 3538 872 3590 carnificibus
898 3537 937 3588 eis
956 3540 1050 3593 utitur.
1071 3556 1134 3591 nam
1153 3557 1201 3592 eos

22 3666 23 3671 ,
118 3620 152 3662 ut
175 3607 284 3660 morbos
309 3618 336 3661 et
362 3610 574 3673 medicamenta,
601 3610 703 3679 quippe
733 3610 885 3661 animorum
909 3607 1048 3672 medicus,
1074 3608 1200 3677 adbibet3

118 3695 236 3751 quorum
252 3686 348 3733 nature
367 3682 461 3749 peritis
477 3696 532 3731 non
550 3680 642 3747 ignota
660 3688 709 3733 est.
728 3688 777 3731 aut
801 3679 874 3731 enim
899 3678 1127 3733 mala-habitudo
1154 3698 1201 3733 ae-

119 3759 198 3821 groto
220 3758 313 3803 sanato
335 3751 405 3803 vires
430 3768 491 3803 suas
512 3751 628 3813 amittit,
649 3758 697 3801 aut
712 3768 769 3801 una
791 3766 852 3801 cum
878 3748 928 3799 illo
951 3750 1054 3803 interit.
1080 3751 1201 3805 medica-

119 3829 211 3874 menta
229 3837 291 3871 vero
319 3822 490 3891 quantumvis
512 3822 583 3872 aeria
602 3820 715 3889 depulso
729 3819 825 3871 morbo
845 3836 972 3870 unacum
988 3838 1070 3891 prava
1088 3824 1201 3875 materia

120 3892 387 3961 expelluntur,'nec
408 3892 457 3943 uili
485 3899 550 3942 sunt
575 3893 688 3961 amplius
718 3892 789 3943 usui.
817 3888 991 3959 quamobrem
1018 3892 1118 3945 affinno
1148 3896 1200 3944 ista

121 3962 210 4025 mala,
234 3962 333 4030 quibus
351 3964 472 4031 oppressi
491 3978 600 4023 sumus,
619 3978 673 4013 non
697 3960 822 4013 libellum
842 3960 950 4029 repudii
968 3961 1099 4015 divinitus
1120 3964 1201 4015 nobis
1275 4018 1280 4029 ‚

123 4033 215 4084 clatum
233 4038 280 4082 aut
293 4032 427 4083 barbarici
445 4033 555 4084 oleastri
574 4032 725 4083 absolutam
745 4031 902 4083 insitionem
919 4032 948 4082 in
966 4042 1084 4085 nostram
1102 4034 1201 4086 olivam

124 4120 181 4154 esse
200 4102 360 4167 iudicanda,
390 4103 438 4154 sed
467 4120 574 4173 parvam
599 4103 817 4171 castigationem,
842 4101 950 4172 qualem
975 4103 1041 4156 deus
1069 4104 1201 4156 adbibere

124 4174 199 4225 novit
216 4182 321 4226 servato
339 4172 438 4237 modo,
456 4190 512 4226 uon
530 4174 619 4225 omnia
639 4172 821 4226 tentatoribus
839 4172 987 4225 concedere
1013 4174 1061 4227 sed
1087 4175 1201 4226 tentatis

126 4244 206 4297 etiam
227 4260 336 4314 parcere
349 4244 462 4309 solitus,
480 4244 638 4316 pracsertim
659 4245 683 4296 si
700 4245 723 4297 is
740 4244 789 4315 qni
808 4242 864 4313 agit
885 4244 993 4298 nullum
1010 4245 1120 4298 modum
1143 4245 1201 4299 suis

182 4348 292 4405 Nicetes
310 4349 471 4407 Cironiates.
975 4347 1011 4418 49
