<?xml version="1.0" encoding="UTF-8"?>
<!DOCTYPE html PUBLIC "-//W3C//DTD XHTML 1.0 Transitional//EN"
    "http://www.w3.org/TR/xhtml1/DTD/xhtml1-transitional.dtd">
<html xmlns="http://www.w3.org/1999/xhtml" xml:lang="en" lang="en">
 <head>
  <title>
</title>
<meta http-equiv="Content-Type" content="text/html;charset=utf-8" />
  <meta name='ocr-system' content='tesseract 3.04.00' />
  <meta name='ocr-capabilities' content='ocr_page ocr_carea ocr_par ocr_line ocrx_word'/>
</head>
<body>
  <div class='ocr_page' id='page_1' title='image "./corpusscriptoru03unkngoog/corpusscriptoru03unkngoog_0094.png"; bbox 0 0 3017 4892; ppageno 0'>
   <div class='ocr_carea' id='block_1_1' title="bbox 293 273 1050 374">
    <p class='ocr_par' dir='ltr' id='par_1_1' title="bbox 293 273 1050 374">
     <span class='ocr_line' id='line_1_1' title="bbox 293 273 1050 374; baseline -0.009 -31"><span class='ocrx_word' id='word_1_1' title='bbox 293 289 351 374; x_wconf 77' lang='lat'>70</span> <span class='ocrx_word' id='word_1_2' title='bbox 612 275 786 343; x_wconf 77' lang='lat' dir='ltr'>nrcsrss</span> <span class='ocrx_word' id='word_1_3' title='bbox 814 273 1050 340; x_wconf 73' lang='lat' dir='ltr'>monstras</span> 
     </span>
    </p>
   </div>
   <div class='ocr_carea' id='block_1_2' title="bbox 266 419 1439 2889">
    <p class='ocr_par' dir='ltr' id='par_1_2' title="bbox 294 419 1410 1010">
     <span class='ocr_line' id='line_1_2' title="bbox 380 419 1378 511; baseline -0.02 -9"><span class='ocrx_word' id='word_1_4' title='bbox 380 461 407 502; x_wconf 82' lang='lat' dir='ltr'>a.</span> <span class='ocrx_word' id='word_1_5' title='bbox 452 434 560 508; x_wconf 83' lang='grc' dir='ltr'><strong><em>Θάσος</em></strong></span> <span class='ocrx_word' id='word_1_6' title='bbox 590 423 648 494; x_wconf 72' lang='grc' dir='ltr'><strong><em>οὖν</em></strong></span> <span class='ocrx_word' id='word_1_7' title='bbox 669 428 709 493; x_wconf 87' lang='grc' dir='ltr'>τά</span> <span class='ocrx_word' id='word_1_8' title='bbox 739 421 990 510; x_wconf 84' lang='grc' dir='ltr'><strong><em>άναγορευιήρια</em></strong></span> <span class='ocrx_word' id='word_1_9' title='bbox 1008 424 1075 511; x_wconf 72' lang='grc' dir='ltr'><strong><em>θεῷ</em></strong></span> <span class='ocrx_word' id='word_1_10' title='bbox 1096 420 1152 486; x_wconf 84' lang='grc' dir='ltr'><strong><em>καί</em></strong></span> <span class='ocrx_word' id='word_1_11' title='bbox 1167 419 1378 505; x_wconf 80' lang='grc' dir='ltr'><strong><em>ε’πιβατήρεα,</em></strong></span> 
     </span>
     <span class='ocr_line' id='line_1_3' title="bbox 295 518 1381 617; baseline -0.019 -14"><span class='ocrx_word' id='word_1_12' title='bbox 295 540 461 604; x_wconf 82' lang='grc' dir='ltr'><strong><em>σκὲπτεται</em></strong></span> <span class='ocrx_word' id='word_1_13' title='bbox 487 534 560 617; x_wconf 87' lang='grc' dir='ltr'><strong><em>περί</em></strong></span> <span class='ocrx_word' id='word_1_14' title='bbox 586 531 642 594; x_wconf 80' lang='grc' dir='ltr'>τοῦ</span> <span class='ocrx_word' id='word_1_15' title='bbox 677 526 733 592; x_wconf 80' lang='grc' dir='ltr'><strong><em>τὸν</em></strong></span> <span class='ocrx_word' id='word_1_16' title='bbox 753 520 982 611; x_wconf 80' lang='grc' dir='ltr'><strong><em>πατριαρχικδν</em></strong></span> <span class='ocrx_word' id='word_1_17' title='bbox 1002 521 1242 607; x_wconf 64' lang='grc' dir='ltr'>κληρωσαμένων</span> <span class='ocrx_word' id='word_1_18' title='bbox 1264 518 1381 604; x_wconf 71' lang='grc' dir='ltr'><strong><em>θρόνον</em></strong></span> 
     </span>
     <span class='ocr_line' id='line_1_4' title="bbox 295 617 1382 713; baseline -0.02 -12"><span class='ocrx_word' id='word_1_19' title='bbox 295 640 352 700; x_wconf 81' lang='grc' dir='ltr'><strong><em>καί</em></strong></span> <span class='ocrx_word' id='word_1_20' title='bbox 368 633 441 708; x_wconf 79' lang='grc' dir='ltr'><strong><em>τούς</em></strong></span> <span class='ocrx_word' id='word_1_21' title='bbox 462 635 519 713; x_wconf 75' lang='grc' dir='ltr'><strong><em>τῆς</em></strong></span> <span class='ocrx_word' id='word_1_22' title='bbox 540 629 703 713; x_wconf 70' lang='grc' dir='ltr'><strong><em>ἐκκλησίας</em></strong></span> <span class='ocrx_word' id='word_1_23' title='bbox 722 627 945 709; x_wconf 74' lang='grc' dir='ltr'><strong><em>χαρισαμένου</em></strong></span> <span class='ocrx_word' id='word_1_24' title='bbox 960 620 1068 696; x_wconf 77' lang='grc' dir='ltr'><strong><em>οἴακας</em></strong></span> <span class='ocrx_word' id='word_1_25' title='bbox 1086 623 1142 685; x_wconf 85' lang='grc' dir='ltr'><strong><em>καί</em></strong></span> <span class='ocrx_word' id='word_1_26' title='bbox 1159 617 1382 694; x_wconf 84' lang='grc' dir='ltr'><strong><em>ταινιῶσοκτος</em></strong></span> 
     </span>
     <span class='ocr_line' id='line_1_5' title="bbox 297 715 1380 812; baseline -0.018 -13"><span class='ocrx_word' id='word_1_27' title='bbox 297 733 395 799; x_wconf 84' lang='grc' dir='ltr'><strong><em>ου’τδν</em></strong></span> <span class='ocrx_word' id='word_1_28' title='bbox 430 730 484 796; x_wconf 83' lang='grc' dir='ltr'><strong><em>ε’πί</em></strong></span> <span class='ocrx_word' id='word_1_29' title='bbox 515 726 573 792; x_wconf 88' lang='grc' dir='ltr'>νεῶ</span> <span class='ocrx_word' id='word_1_30' title='bbox 608 729 718 810; x_wconf 88' lang='grc' dir='ltr'><strong><em>κυρίου</em></strong></span> <span class='ocrx_word' id='word_1_31' title='bbox 736 727 782 812; x_wconf 74' lang='grc' dir='ltr'>τῷ</span> <span class='ocrx_word' id='word_1_32' title='bbox 802 723 1057 809; x_wconf 71' lang='grc' dir='ltr'><strong><em>αάτοκρατορικρῖ</em></strong></span> <span class='ocrx_word' id='word_1_33' title='bbox 1079 717 1320 806; x_wconf 77' lang='grc' dir='ltr'>στεφανώματι·</span> <span class='ocrx_word' id='word_1_34' title='bbox 1362 715 1380 780; x_wconf 83' lang='grc' dir='ltr'><strong><em>δ</em></strong></span> 
     </span>
     <span class='ocr_line' id='line_1_6' title="bbox 296 818 1410 916; baseline -0.015 -18"><span class='ocrx_word' id='word_1_35' title='bbox 296 833 359 916; x_wconf 84' lang='grc' dir='ltr'>γάρ</span> <span class='ocrx_word' id='word_1_36' title='bbox 381 832 529 912; x_wconf 78' lang='grc' dir='ltr'><strong><em>Στυιιπής</em></strong></span> <span class='ocrx_word' id='word_1_37' title='bbox 553 828 647 892; x_wconf 84' lang='grc' dir='ltr'><strong><em>Λὲοιν</em></strong></span> <span class='ocrx_word' id='word_1_38' title='bbox 675 821 860 910; x_wconf 73' lang='grc' dir='ltr'><strong><em>θανάτιρέξ</em></strong></span> <span class='ocrx_word' id='word_1_39' title='bbox 888 818 1068 906; x_wconf 72' lang='grc' dir='ltr'><strong><em>α’νθρῶτιοον</em></strong></span> <span class='ocrx_word' id='word_1_40' title='bbox 1087 822 1217 904; x_wconf 63' lang='grc' dir='ltr'><strong><em>ἐγένετο.</em></strong></span> <span class='ocrx_word' id='word_1_41' title='bbox 1259 821 1410 886; x_wconf 75' lang='grc' dir='ltr'><strong><em>κοινοῦ-5</em></strong></span> 
     </span>
     <span class='ocr_line' id='line_1_7' title="bbox 294 914 1384 1010; baseline -0.017 -12"><span class='ocrx_word' id='word_1_42' title='bbox 294 957 349 998; x_wconf 88' lang='grc' dir='ltr'>ται</span> <span class='ocrx_word' id='word_1_43' title='bbox 372 924 489 995; x_wconf 75' lang='grc' dir='ltr'><strong><em>οὖντά</em></strong></span> <span class='ocrx_word' id='word_1_44' title='bbox 522 929 579 1010; x_wconf 73' lang='grc' dir='ltr'><strong><em>τῆς</em></strong></span> <span class='ocrx_word' id='word_1_45' title='bbox 597 921 721 1008; x_wconf 88' lang='grc' dir='ltr'><strong><em>γνῶμης</em></strong></span> <span class='ocrx_word' id='word_1_46' title='bbox 741 932 807 998; x_wconf 83' lang='grc' dir='ltr'><strong><em>τοῖς</em></strong></span> <span class='ocrx_word' id='word_1_47' title='bbox 831 925 866 986; x_wconf 82' lang='grc' dir='ltr'><strong><em>ἐκ</em></strong></span> <span class='ocrx_word' id='word_1_48' title='bbox 885 923 941 986; x_wconf 84' lang='grc' dir='ltr'>ταῶ</span> <span class='ocrx_word' id='word_1_49' title='bbox 963 921 1038 984; x_wconf 56' lang='grc' dir='ltr'><strong><em>καθ’</em></strong></span> <span class='ocrx_word' id='word_1_50' title='bbox 1058 915 1139 1002; x_wconf 77' lang='grc' dir='ltr'><strong><em>αἷμά</em></strong></span> <span class='ocrx_word' id='word_1_51' title='bbox 1163 916 1194 982; x_wconf 77' lang='grc' dir='ltr'>οἱ</span> <span class='ocrx_word' id='word_1_52' title='bbox 1215 914 1384 998; x_wconf 83' lang='grc' dir='ltr'><strong><em>σεμνῶμα·</em></strong></span> 
     </span>
    </p>

    <p class='ocr_par' dir='ltr' id='par_1_3' title="bbox 266 1010 1439 2400">
     <span class='ocr_line' id='line_1_8' title="bbox 266 1010 1384 1115; baseline -0.017 -19"><span class='ocrx_word' id='word_1_53' title='bbox 266 1044 347 1107; x_wconf 70' lang='lat' dir='ltr'>Broc</span> <span class='ocrx_word' id='word_1_54' title='bbox 366 1025 545 1115; x_wconf 79' lang='grc' dir='ltr'><strong><em>προάγουσι</em></strong></span> <span class='ocrx_word' id='word_1_55' title='bbox 572 1026 627 1090; x_wconf 86' lang='grc' dir='ltr'><strong><em>καί</em></strong></span> <span class='ocrx_word' id='word_1_56' title='bbox 657 1031 723 1098; x_wconf 75' lang='grc' dir='ltr'><strong><em>τοῖς</em></strong></span> <span class='ocrx_word' id='word_1_57' title='bbox 745 1024 781 1086; x_wconf 74' lang='grc' dir='ltr'><strong><em>ἐκ</em></strong></span> <span class='ocrx_word' id='word_1_58' title='bbox 810 1026 867 1104; x_wconf 80' lang='grc' dir='ltr'><strong><em>τῆς</em></strong></span> <span class='ocrx_word' id='word_1_59' title='bbox 901 1018 1075 1104; x_wconf 74' lang='grc' dir='ltr'><strong><em>συγκλήτου</em></strong></span> <span class='ocrx_word' id='word_1_60' title='bbox 1105 1020 1222 1101; x_wconf 82' lang='grc' dir='ltr'><strong><em>βουλῆς</em></strong></span> <span class='ocrx_word' id='word_1_61' title='bbox 1240 1020 1295 1078; x_wconf 88' lang='grc' dir='ltr'><strong><em>καί</em></strong></span> <span class='ocrx_word' id='word_1_62' title='bbox 1313 1010 1384 1079; x_wconf 84' lang='grc' dir='ltr'><strong><em>άσοι</em></strong></span> 
     </span>
     <span class='ocr_line' id='line_1_9' title="bbox 296 1115 1383 1210; baseline -0.016 -15"><span class='ocrx_word' id='word_1_63' title='bbox 296 1133 353 1196; x_wconf 84' lang='grc' dir='ltr'>τοῶ</span> <span class='ocrx_word' id='word_1_64' title='bbox 373 1127 512 1210; x_wconf 88' lang='grc' dir='ltr'><strong><em>βήματος</em></strong></span> <span class='ocrx_word' id='word_1_65' title='bbox 544 1121 708 1209; x_wconf 74' lang='grc' dir='ltr'><strong><em>ἔντροφον,</em></strong></span> <span class='ocrx_word' id='word_1_66' title='bbox 737 1121 794 1186; x_wconf 82' lang='grc' dir='ltr'><strong><em>καί</em></strong></span> <span class='ocrx_word' id='word_1_67' title='bbox 811 1124 935 1185; x_wconf 88' lang='grc' dir='ltr'><strong><em>πολλῶν</em></strong></span> <span class='ocrx_word' id='word_1_68' title='bbox 962 1121 1006 1195; x_wconf 84' lang='grc' dir='ltr'>είς</span> <span class='ocrx_word' id='word_1_69' title='bbox 1028 1117 1085 1204; x_wconf 85' lang='grc' dir='ltr'><strong><em>τήν</em></strong></span> <span class='ocrx_word' id='word_1_70' title='bbox 1104 1116 1253 1201; x_wconf 74' lang='grc' dir='ltr'>μεγίστην</span> <span class='ocrx_word' id='word_1_71' title='bbox 1274 1115 1383 1199; x_wconf 80' lang='grc' dir='ltr'><strong><em>α’ργιι·</em></strong></span> 
     </span>
     <span class='ocr_line' id='line_1_10' title="bbox 298 1213 1383 1313; baseline -0.017 -19"><span class='ocrx_word' id='word_1_72' title='bbox 298 1232 428 1313; x_wconf 86' lang='grc' dir='ltr'><strong><em>ρατείαν</em></strong></span> <span class='ocrx_word' id='word_1_73' title='bbox 450 1226 677 1309; x_wconf 80' lang='grc' dir='ltr'><strong><em>ἑγκρινυμίνων</em></strong></span> <span class='ocrx_word' id='word_1_74' title='bbox 690 1221 709 1304; x_wconf 81' lang='grc' dir='ltr'><em>ἦ</em></span> <span class='ocrx_word' id='word_1_75' title='bbox 722 1224 840 1286; x_wconf 91' lang='grc' dir='ltr'><strong><em>νικῶσα</em></strong></span> <span class='ocrx_word' id='word_1_76' title='bbox 859 1224 968 1305; x_wconf 76' lang='grc' dir='ltr'><strong><em>ψῆφος</em></strong></span> <span class='ocrx_word' id='word_1_77' title='bbox 987 1217 1043 1284; x_wconf 77' lang='grc' dir='ltr'><strong><em>καί</em></strong></span> <span class='ocrx_word' id='word_1_78' title='bbox 1059 1220 1122 1283; x_wconf 88' lang='grc' dir='ltr'><strong><em>τῶν</em></strong></span> <span class='ocrx_word' id='word_1_79' title='bbox 1142 1213 1290 1280; x_wconf 73' lang='grc' dir='ltr'><strong><em>ἁπάντων</em></strong></span> <span class='ocrx_word' id='word_1_80' title='bbox 1307 1237 1383 1297; x_wconf 75' lang='grc' dir='ltr'><strong><em>σγα.</em></strong></span> 
     </span>
     <span class='ocr_line' id='line_1_11' title="bbox 300 1313 1432 1411; baseline -0.011 -16"><span class='ocrx_word' id='word_1_81' title='bbox 300 1328 356 1395; x_wconf 88' lang='grc' dir='ltr'><strong><em>δὸν</em></strong></span> <span class='ocrx_word' id='word_1_82' title='bbox 376 1325 455 1411; x_wconf 82' lang='grc' dir='ltr'><strong><em>πρὸς</em></strong></span> <span class='ocrx_word' id='word_1_83' title='bbox 475 1323 531 1389; x_wconf 87' lang='grc' dir='ltr'><strong><em>τδν</em></strong></span> <span class='ocrx_word' id='word_1_84' title='bbox 552 1320 614 1386; x_wconf 86' lang='grc' dir='ltr'>άπδ</span> <span class='ocrx_word' id='word_1_85' title='bbox 637 1323 694 1404; x_wconf 79' lang='grc' dir='ltr'><strong><em>τῆς</em></strong></span> <span class='ocrx_word' id='word_1_86' title='bbox 714 1323 814 1403; x_wconf 88' lang='grc' dir='ltr'><strong><em>μονής</em></strong></span> <span class='ocrx_word' id='word_1_87' title='bbox 835 1325 889 1404; x_wconf 72' lang='grc' dir='ltr'><strong><em>τῆς</em></strong></span> <span class='ocrx_word' id='word_1_88' title='bbox 910 1323 1026 1398; x_wconf 82' lang='grc' dir='ltr'><strong><em>Ὀξείας</em></strong></span> <span class='ocrx_word' id='word_1_89' title='bbox 1047 1317 1135 1404; x_wconf 79' lang='grc' dir='ltr'><strong><em>ῥέπει</em></strong></span> <span class='ocrx_word' id='word_1_90' title='bbox 1155 1313 1295 1398; x_wconf 77' lang='grc' dir='ltr'><strong><em>μοναχὸν</em></strong></span> <span class='ocrx_word' id='word_1_91' title='bbox 1316 1318 1384 1381; x_wconf 84' lang='grc' dir='ltr'>Μι·</span> <span class='ocrx_word' id='word_1_92' title='bbox 1397 1344 1432 1382; x_wconf 85' lang='grc' dir='ltr'>το</span> 
     </span>
     <span class='ocr_line' id='line_1_12' title="bbox 298 1409 1384 1510; baseline -0.012 -19"><span class='ocrx_word' id='word_1_93' title='bbox 298 1423 402 1510; x_wconf 82' lang='grc' dir='ltr'><strong><em>γαήλ·</em></strong></span> <span class='ocrx_word' id='word_1_94' title='bbox 455 1416 545 1496; x_wconf 81' lang='grc' dir='ltr'><strong><em>οὗτος</em></strong></span> <span class='ocrx_word' id='word_1_95' title='bbox 571 1419 632 1504; x_wconf 91' lang='grc' dir='ltr'>γάρ</span> <span class='ocrx_word' id='word_1_96' title='bbox 654 1422 711 1484; x_wconf 83' lang='grc' dir='ltr'><strong><em>καί</em></strong></span> <span class='ocrx_word' id='word_1_97' title='bbox 728 1420 829 1507; x_wconf 79' lang='grc' dir='ltr'><strong><em>α’ρετῇ</em></strong></span> <span class='ocrx_word' id='word_1_98' title='bbox 847 1417 1045 1502; x_wconf 74' lang='grc' dir='ltr'><strong><em>περιώνυμος</em></strong></span> <span class='ocrx_word' id='word_1_99' title='bbox 1065 1409 1107 1501; x_wconf 77' lang='grc' dir='ltr'><strong><em>ἧν</em></strong></span> <span class='ocrx_word' id='word_1_100' title='bbox 1126 1414 1181 1480; x_wconf 85' lang='grc' dir='ltr'><strong><em>καί</em></strong></span> <span class='ocrx_word' id='word_1_101' title='bbox 1201 1416 1256 1499; x_wconf 82' lang='grc' dir='ltr'><strong><em>τής</em></strong></span> <span class='ocrx_word' id='word_1_102' title='bbox 1275 1415 1384 1500; x_wconf 80' lang='grc' dir='ltr'><strong><em>ἡμετέ-</em></strong></span> 
     </span>
     <span class='ocr_line' id='line_1_13' title="bbox 301 1511 1385 1612; baseline -0.014 -21"><span class='ocrx_word' id='word_1_103' title='bbox 301 1549 360 1612; x_wconf 86' lang='grc' dir='ltr'>ρας</span> <span class='ocrx_word' id='word_1_104' title='bbox 380 1527 413 1589; x_wconf 81' lang='grc' dir='ltr'>ἒυ</span> <span class='ocrx_word' id='word_1_105' title='bbox 433 1527 560 1604; x_wconf 76' lang='grc' dir='ltr'><strong><em>μεθέξει</em></strong></span> <span class='ocrx_word' id='word_1_106' title='bbox 589 1517 798 1595; x_wconf 75' lang='grc' dir='ltr'><strong><em>παιδεύσεως.</em></strong></span> <span class='ocrx_word' id='word_1_107' title='bbox 838 1520 1029 1604; x_wconf 72' lang='grc' dir='ltr'><strong><em>προβληθεὶς</em></strong></span> <span class='ocrx_word' id='word_1_108' title='bbox 1050 1511 1106 1582; x_wconf 81' lang='grc' dir='ltr'><strong><em>σάν</em></strong></span> <span class='ocrx_word' id='word_1_109' title='bbox 1132 1512 1149 1578; x_wconf 83' lang='grc' dir='ltr'><strong><em>δ</em></strong></span> <span class='ocrx_word' id='word_1_110' title='bbox 1171 1512 1306 1599; x_wconf 79' lang='grc' dir='ltr'><strong><em>Μιχαὴλ</em></strong></span> <span class='ocrx_word' id='word_1_111' title='bbox 1324 1538 1385 1578; x_wconf 86' lang='grc' dir='ltr'>πα-</span> 
     </span>
     <span class='ocr_line' id='line_1_14' title="bbox 300 1613 1386 1714; baseline -0.01 -25"><span class='ocrx_word' id='word_1_112' title='bbox 300 1623 392 1710; x_wconf 87' lang='grc' dir='ltr'><strong><em>τριάρ</em></strong></span> <span class='ocrx_word' id='word_1_113' title='bbox 395 1647 455 1708; x_wconf 82' lang='grc' dir='ltr'><strong><em>γης</em></strong></span> <span class='ocrx_word' id='word_1_114' title='bbox 476 1624 508 1698; x_wconf 80' lang='grc' dir='ltr'>ἐξ</span> <span class='ocrx_word' id='word_1_115' title='bbox 534 1623 631 1704; x_wconf 71' lang='grc' dir='ltr'><strong><em>αὐτῆς</em></strong></span> <span class='ocrx_word' id='word_1_116' title='bbox 650 1617 703 1684; x_wconf 84' lang='grc' dir='ltr'><strong><em>τὸν</em></strong></span> <span class='ocrx_word' id='word_1_117' title='bbox 723 1621 880 1702; x_wconf 79' lang='grc' dir='ltr'><strong><em>χρίσοντα</em></strong></span> <span class='ocrx_word' id='word_1_118' title='bbox 899 1620 985 1700; x_wconf 80' lang='grc' dir='ltr'><strong><em>χρίει</em></strong></span> <span class='ocrx_word' id='word_1_119' title='bbox 1004 1615 1045 1714; x_wconf 70' lang='grc' dir='ltr'>τά</span> <span class='ocrx_word' id='word_1_120' title='bbox 1066 1615 1137 1701; x_wconf 82' lang='grc' dir='ltr'><strong><em>ἱερά</em></strong></span> <span class='ocrx_word' id='word_1_121' title='bbox 1159 1613 1386 1701; x_wconf 78' lang='grc' dir='ltr'><strong><em>ε’σαρικόμενον</em></strong></span> 
     </span>
     <span class='ocr_line' id='line_1_15' title="bbox 300 1711 1385 1806; baseline -0.013 -18"><span class='ocrx_word' id='word_1_122' title='bbox 300 1727 455 1806; x_wconf 76' lang='grc' dir='ltr'><strong><em>μέλαθρα.</em></strong></span> <span class='ocrx_word' id='word_1_123' title='bbox 497 1723 666 1801; x_wconf 84' lang='grc' dir='ltr'><strong><em>συμβαίνει</em></strong></span> <span class='ocrx_word' id='word_1_124' title='bbox 688 1719 723 1782; x_wconf 79' lang='grc' dir='ltr'>δὲ</span> <span class='ocrx_word' id='word_1_125' title='bbox 745 1719 788 1803; x_wconf 74' lang='grc' dir='ltr'>τῷ</span> <span class='ocrx_word' id='word_1_126' title='bbox 808 1721 936 1799; x_wconf 83' lang='grc' dir='ltr'><strong><em>βασιλεῖ</em></strong></span> <span class='ocrx_word' id='word_1_127' title='bbox 953 1720 1009 1780; x_wconf 87' lang='grc' dir='ltr'><strong><em>καί</em></strong></span> <span class='ocrx_word' id='word_1_128' title='bbox 1028 1713 1045 1780; x_wconf 86' lang='grc' dir='ltr'><strong><em>ά</em></strong></span> <span class='ocrx_word' id='word_1_129' title='bbox 1068 1713 1207 1801; x_wconf 78' lang='grc' dir='ltr'><strong><em>άδελφάς</em></strong></span> <span class='ocrx_word' id='word_1_130' title='bbox 1226 1711 1385 1792; x_wconf 80' lang='grc' dir='ltr'><strong><em>Ἱσαάκιος,</em></strong></span> 
     </span>
     <span class='ocr_line' id='line_1_16' title="bbox 301 1805 1436 1906; baseline -0.011 -19"><span class='ocrx_word' id='word_1_131' title='bbox 301 1822 357 1887; x_wconf 86' lang='grc' dir='ltr'><strong><em>καί</em></strong></span> <span class='ocrx_word' id='word_1_132' title='bbox 384 1822 464 1906; x_wconf 81' lang='grc' dir='ltr'><strong><em>δτιὲρ</em></strong></span> <span class='ocrx_word' id='word_1_133' title='bbox 501 1817 592 1897; x_wconf 82' lang='grc' dir='ltr'><strong><em>δόξαν</em></strong></span> <span class='ocrx_word' id='word_1_134' title='bbox 617 1817 677 1902; x_wconf 86' lang='grc' dir='ltr'><strong><em>τήν</em></strong></span> <span class='ocrx_word' id='word_1_135' title='bbox 705 1820 767 1883; x_wconf 91' lang='grc' dir='ltr'><strong><em>τῶν</em></strong></span> <span class='ocrx_word' id='word_1_136' title='bbox 794 1820 918 1880; x_wconf 90' lang='grc' dir='ltr'><strong><em>πολλῶν</em></strong></span> <span class='ocrx_word' id='word_1_137' title='bbox 943 1817 1144 1882; x_wconf 74' lang='grc' dir='ltr'><strong><em>ἀντεδίδοσαν</em></strong></span> <span class='ocrx_word' id='word_1_138' title='bbox 1171 1813 1320 1899; x_wconf 83' lang='grc' dir='ltr'><strong><em>α’λλήλοιν</em></strong></span> <span class='ocrx_word' id='word_1_139' title='bbox 1340 1810 1384 1876; x_wconf 85' lang='grc' dir='ltr'>τῶ</span> <span class='ocrx_word' id='word_1_140' title='bbox 1399 1805 1436 1867; x_wconf 72' lang='lat'>¹5</span> 
     </span>
     <span class='ocr_line' id='line_1_17' title="bbox 301 1908 1388 2006; baseline -0.009 -22"><span class='ocrx_word' id='word_1_141' title='bbox 301 1918 431 2006; x_wconf 81' lang='grc' dir='ltr'><strong><em>ιίδελφῶ</em></strong></span> <span class='ocrx_word' id='word_1_142' title='bbox 464 1917 522 2001; x_wconf 86' lang='grc' dir='ltr'><strong><em>τήν</em></strong></span> <span class='ocrx_word' id='word_1_143' title='bbox 549 1911 684 1982; x_wconf 70' lang='grc' dir='ltr'><strong><em>εὔνοιαν.</em></strong></span> <span class='ocrx_word' id='word_1_144' title='bbox 733 1908 773 2000; x_wconf 80' lang='grc' dir='ltr'><strong><em>ἦν</em></strong></span> <span class='ocrx_word' id='word_1_145' title='bbox 803 1918 839 1980; x_wconf 80' lang='grc' dir='ltr'>δὲ</span> <span class='ocrx_word' id='word_1_146' title='bbox 870 1915 887 1978; x_wconf 82' lang='grc' dir='ltr'><strong><em>ὅ</em></strong></span> <span class='ocrx_word' id='word_1_147' title='bbox 912 1913 1064 1992; x_wconf 82' lang='grc' dir='ltr'><strong><em>Ἶσαάκιας</em></strong></span> <span class='ocrx_word' id='word_1_148' title='bbox 1093 1911 1148 1979; x_wconf 86' lang='grc' dir='ltr'>διά</span> <span class='ocrx_word' id='word_1_149' title='bbox 1169 1912 1203 1978; x_wconf 87' lang='grc' dir='ltr'>τὸ</span> <span class='ocrx_word' id='word_1_150' title='bbox 1228 1912 1274 1987; x_wconf 80' lang='grc' dir='ltr'>εἷς</span> <span class='ocrx_word' id='word_1_151' title='bbox 1291 1913 1388 1994; x_wconf 81' lang='grc' dir='ltr'><strong><em>χόλον</em></strong></span> 
     </span>
     <span class='ocr_line' id='line_1_18' title="bbox 303 2010 1388 2100; baseline -0.012 -16"><span class='ocrx_word' id='word_1_152' title='bbox 303 2021 501 2100; x_wconf 77' lang='grc' dir='ltr'><strong><em>εὗέμπτοντον</em></strong></span> <span class='ocrx_word' id='word_1_153' title='bbox 527 2018 583 2080; x_wconf 85' lang='grc' dir='ltr'><strong><em>καί</em></strong></span> <span class='ocrx_word' id='word_1_154' title='bbox 612 2015 648 2079; x_wconf 86' lang='grc' dir='ltr'>τὸ</span> <span class='ocrx_word' id='word_1_155' title='bbox 674 2019 709 2080; x_wconf 80' lang='grc' dir='ltr'><strong><em>ἐκ</em></strong></span> <span class='ocrx_word' id='word_1_156' title='bbox 737 2017 855 2099; x_wconf 80' lang='grc' dir='ltr'><strong><em>μικράς</em></strong></span> <span class='ocrx_word' id='word_1_157' title='bbox 882 2014 1029 2091; x_wconf 79' lang='grc' dir='ltr'><strong><em>πολλάκις</em></strong></span> <span class='ocrx_word' id='word_1_158' title='bbox 1060 2012 1165 2088; x_wconf 84' lang='grc' dir='ltr'><strong><em>αι’τίας</em></strong></span> <span class='ocrx_word' id='word_1_159' title='bbox 1192 2014 1225 2088; x_wconf 78' lang='grc' dir='ltr'><strong><em>ἐς</em></strong></span> <span class='ocrx_word' id='word_1_160' title='bbox 1248 2010 1388 2084; x_wconf 76' lang='grc' dir='ltr'><strong><em>κολάσεις</em></strong></span> 
     </span>
     <span class='ocr_line' id='line_1_19' title="bbox 302 2107 1388 2200; baseline -0.009 -18"><span class='ocrx_word' id='word_1_161' title='bbox 302 2117 496 2200; x_wconf 74' lang='grc' dir='ltr'><strong><em>ὑπερόγκους</em></strong></span> <span class='ocrx_word' id='word_1_162' title='bbox 523 2113 782 2199; x_wconf 73' lang='grc' dir='ltr'><strong><em>διαρριπιζεσθαι</em></strong></span> <span class='ocrx_word' id='word_1_163' title='bbox 807 2111 1043 2198; x_wconf 81' lang='grc' dir='ltr'><strong><em>δυσξάμβλητος</em></strong></span> <span class='ocrx_word' id='word_1_164' title='bbox 1062 2121 1127 2190; x_wconf 81' lang='grc' dir='ltr'><strong><em>τοῖς</em></strong></span> <span class='ocrx_word' id='word_1_165' title='bbox 1146 2118 1278 2186; x_wconf 79' lang='grc' dir='ltr'><strong><em>πολλοῖς.</em></strong></span> <span class='ocrx_word' id='word_1_166' title='bbox 1303 2107 1388 2195; x_wconf 79' lang='grc' dir='ltr'><strong><em>ἔτρι-</em></strong></span> 
     </span>
     <span class='ocr_line' id='line_1_20' title="bbox 304 2202 1391 2304; baseline -0.008 -23"><span class='ocrx_word' id='word_1_167' title='bbox 304 2241 344 2304; x_wconf 74' lang='lat' dir='ltr'>cpe</span> <span class='ocrx_word' id='word_1_168' title='bbox 365 2221 400 2280; x_wconf 80' lang='lat' dir='ltr'>tt</span> <span class='ocrx_word' id='word_1_169' title='bbox 421 2217 475 2280; x_wconf 88' lang='grc' dir='ltr'><strong><em>καί</em></strong></span> <span class='ocrx_word' id='word_1_170' title='bbox 502 2211 537 2278; x_wconf 83' lang='grc' dir='ltr'>τά</span> <span class='ocrx_word' id='word_1_171' title='bbox 558 2215 719 2298; x_wconf 79' lang='grc' dir='ltr'><strong><em>ψοφοδεὲς</em></strong></span> <span class='ocrx_word' id='word_1_172' title='bbox 744 2216 887 2297; x_wconf 81' lang='grc' dir='ltr'><strong><em>α’γεννὲς,</em></strong></span> <span class='ocrx_word' id='word_1_173' title='bbox 910 2212 967 2277; x_wconf 83' lang='grc' dir='ltr'><strong><em>καί</em></strong></span> <span class='ocrx_word' id='word_1_174' title='bbox 985 2216 1085 2277; x_wconf 76' lang='grc' dir='ltr'><strong><em>ταῦτα</em></strong></span> <span class='ocrx_word' id='word_1_175' title='bbox 1107 2215 1229 2295; x_wconf 85' lang='grc' dir='ltr'><strong><em>τηλίκος</em></strong></span> <span class='ocrx_word' id='word_1_176' title='bbox 1249 2202 1316 2290; x_wconf 87' lang='grc' dir='ltr'><strong><em>ῶν,</em></strong></span> <span class='ocrx_word' id='word_1_177' title='bbox 1336 2207 1391 2272; x_wconf 85' lang='grc' dir='ltr'><strong><em>καί</em></strong></span> 
     </span>
     <span class='ocr_line' id='line_1_21' title="bbox 303 2303 1439 2400; baseline -0.008 -20"><span class='ocrx_word' id='word_1_178' title='bbox 303 2312 457 2400; x_wconf 87' lang='grc' dir='ltr'><strong><em>άνδράσιν</em></strong></span> <span class='ocrx_word' id='word_1_179' title='bbox 479 2311 637 2394; x_wconf 82' lang='grc' dir='ltr'><strong><em>α’νόμοιον.</em></strong></span> <span class='ocrx_word' id='word_1_180' title='bbox 687 2303 728 2394; x_wconf 76' lang='grc' dir='ltr'><strong><em>ἦν</em></strong></span> <span class='ocrx_word' id='word_1_181' title='bbox 749 2304 806 2376; x_wconf 82' lang='grc' dir='ltr'><strong><em>σάν</em></strong></span> <span class='ocrx_word' id='word_1_182' title='bbox 826 2311 843 2377; x_wconf 85' lang='grc' dir='ltr'><strong><em>δ</em></strong></span> <span class='ocrx_word' id='word_1_183' title='bbox 867 2309 1093 2393; x_wconf 77' lang='grc' dir='ltr'><strong><em>βασιλεύτατος</em></strong></span> <span class='ocrx_word' id='word_1_184' title='bbox 1113 2312 1254 2394; x_wconf 75' lang='grc' dir='ltr'><strong><em>Ἰωάννης</em></strong></span> <span class='ocrx_word' id='word_1_185' title='bbox 1277 2308 1386 2372; x_wconf 75' lang='grc' dir='ltr'><strong><em>δτοά·</em></strong></span> <span class='ocrx_word' id='word_1_186' title='bbox 1399 2333 1439 2372; x_wconf 77' lang='grc' dir='ltr'><strong><em>νο</em></strong></span> 
     </span>
    </p>

    <p class='ocr_par' dir='ltr' id='par_1_4' title="bbox 276 2406 1389 2820">
     <span class='ocr_line' id='line_1_22' title="bbox 276 2406 1388 2496; baseline -0.01 -14"><span class='ocrx_word' id='word_1_187' title='bbox 276 2433 361 2482; x_wconf 72' lang='grc' dir='ltr'><strong><em>ιῑιου</em></strong></span> <span class='ocrx_word' id='word_1_188' title='bbox 386 2410 486 2496; x_wconf 84' lang='grc' dir='ltr'><strong><em>πατήρ</em></strong></span> <span class='ocrx_word' id='word_1_189' title='bbox 515 2410 571 2474; x_wconf 83' lang='grc' dir='ltr'><strong><em>καί</em></strong></span> <span class='ocrx_word' id='word_1_190' title='bbox 600 2409 679 2475; x_wconf 86' lang='grc' dir='ltr'><strong><em>κατά</em></strong></span> <span class='ocrx_word' id='word_1_191' title='bbox 711 2411 804 2476; x_wconf 77' lang='grc' dir='ltr'><strong><em>τοῦτο</em></strong></span> <span class='ocrx_word' id='word_1_192' title='bbox 833 2411 921 2495; x_wconf 88' lang='grc' dir='ltr'><strong><em>παρά</em></strong></span> <span class='ocrx_word' id='word_1_193' title='bbox 948 2413 1029 2476; x_wconf 77' lang='grc' dir='ltr'><strong><em>πᾶσι</em></strong></span> <span class='ocrx_word' id='word_1_194' title='bbox 1048 2407 1241 2494; x_wconf 78' lang='grc' dir='ltr'><strong><em>μακαριστῶς</em></strong></span> <span class='ocrx_word' id='word_1_195' title='bbox 1261 2406 1316 2471; x_wconf 82' lang='grc' dir='ltr'><strong><em>καί</em></strong></span> <span class='ocrx_word' id='word_1_196' title='bbox 1333 2410 1388 2491; x_wconf 79' lang='grc' dir='ltr'><strong><em>τῆς</em></strong></span> 
     </span>
     <span class='ocr_line' id='line_1_23' title="bbox 305 2503 1388 2596; baseline -0.006 -20"><span class='ocrx_word' id='word_1_197' title='bbox 305 2515 452 2593; x_wconf 70' lang='grc' dir='ltr'><strong><em>ἀοιδίμου</em></strong></span> <span class='ocrx_word' id='word_1_198' title='bbox 482 2508 596 2594; x_wconf 78' lang='grc' dir='ltr'><strong><em>λήξεως</em></strong></span> <span class='ocrx_word' id='word_1_199' title='bbox 628 2512 684 2575; x_wconf 84' lang='grc' dir='ltr'><strong><em>καί</em></strong></span> <span class='ocrx_word' id='word_1_200' title='bbox 702 2512 744 2576; x_wconf 86' lang='grc' dir='ltr'>δι’</span> <span class='ocrx_word' id='word_1_201' title='bbox 764 2505 914 2596; x_wconf 84' lang='grc' dir='ltr'><strong><em>εάφήμου</em></strong></span> <span class='ocrx_word' id='word_1_202' title='bbox 935 2514 1074 2590; x_wconf 84' lang='grc' dir='ltr'><strong><em>κείμενος</em></strong></span> <span class='ocrx_word' id='word_1_203' title='bbox 1094 2507 1238 2594; x_wconf 77' lang='grc' dir='ltr'><strong><em>μνήμης,</em></strong></span> <span class='ocrx_word' id='word_1_204' title='bbox 1264 2503 1314 2572; x_wconf 83' lang='grc' dir='ltr'>άτι</span> <span class='ocrx_word' id='word_1_205' title='bbox 1332 2506 1388 2577; x_wconf 82' lang='grc' dir='ltr'><strong><em>τάν</em></strong></span> 
     </span>
     <span class='ocr_line' id='line_1_24' title="bbox 307 2603 1385 2697; baseline -0.009 -19"><span class='ocrx_word' id='word_1_206' title='bbox 307 2610 466 2694; x_wconf 80' lang='grc' dir='ltr'><strong><em>Μανυυήλ</em></strong></span> <span class='ocrx_word' id='word_1_207' title='bbox 481 2613 525 2686; x_wconf 86' lang='grc' dir='ltr'>είς</span> <span class='ocrx_word' id='word_1_208' title='bbox 538 2608 571 2674; x_wconf 88' lang='grc' dir='ltr'>τὸ</span> <span class='ocrx_word' id='word_1_209' title='bbox 587 2619 714 2696; x_wconf 78' lang='grc' dir='ltr'><strong><em>κρατεῖν</em></strong></span> <span class='ocrx_word' id='word_1_210' title='bbox 731 2612 787 2676; x_wconf 84' lang='grc' dir='ltr'><strong><em>καί</em></strong></span> <span class='ocrx_word' id='word_1_211' title='bbox 804 2609 983 2694; x_wconf 74' lang='grc' dir='ltr'><strong><em>βασιλεύειν</em></strong></span> <span class='ocrx_word' id='word_1_212' title='bbox 1004 2611 1084 2697; x_wconf 73' lang='grc' dir='ltr'><strong><em>ὑπὲρ</em></strong></span> <span class='ocrx_word' id='word_1_213' title='bbox 1099 2603 1197 2674; x_wconf 83' lang='grc' dir='ltr'><strong><em>αάτὸν</em></strong></span> <span class='ocrx_word' id='word_1_214' title='bbox 1210 2611 1385 2673; x_wconf 76' lang='grc' dir='ltr'><strong><em>ἐδικαίωσε.</em></strong></span> 
     </span>
     <span class='ocr_line' id='line_1_25' title="bbox 376 2745 1389 2820; baseline 0 -24"><span class='ocrx_word' id='word_1_215' title='bbox 376 2761 401 2796; x_wconf 88' lang='lat' dir='ltr'>a.</span> <span class='ocrx_word' id='word_1_216' title='bbox 420 2745 571 2798; x_wconf 76' lang='grc' dir='ltr'><strong><em>σκίπτεται</em></strong></span> <span class='ocrx_word' id='word_1_217' title='bbox 583 2748 631 2798; x_wconf 74' lang='grc' dir='ltr'><strong><em>καί</em></strong></span> <span class='ocrx_word' id='word_1_218' title='bbox 645 2748 710 2820; x_wconf 69' lang='grc' dir='ltr'><strong><em>περὶ</em></strong></span> <span class='ocrx_word' id='word_1_219' title='bbox 719 2746 901 2817; x_wconf 84' lang='grc' dir='ltr'><strong><em>πατριάρχου</em></strong></span> <span class='ocrx_word' id='word_1_220' title='bbox 913 2748 962 2798; x_wconf 76' lang='grc' dir='ltr'><strong><em>ἵνα</em></strong></span> <span class='ocrx_word' id='word_1_221' title='bbox 971 2750 1083 2816; x_wconf 76' lang='grc' dir='ltr'><strong><em>στεφθῆ</em></strong></span> <span class='ocrx_word' id='word_1_222' title='bbox 1092 2748 1120 2797; x_wconf 83' lang='lat' dir='ltr'>lt.</span> <span class='ocrx_word' id='word_1_223' title='bbox 1174 2748 1199 2798; x_wconf 81' lang='lat'>5.</span> <span class='ocrx_word' id='word_1_224' title='bbox 1217 2748 1341 2807; x_wconf 80' lang='grc' dir='ltr'><strong><em>στυπτής</em></strong></span> <span class='ocrx_word' id='word_1_225' title='bbox 1352 2746 1389 2806; x_wconf 81' lang='grc' dir='ltr'>Α,</span> 
     </span>
    </p>

    <p class='ocr_par' dir='ltr' id='par_1_5' title="bbox 379 2807 1388 2889">
     <span class='ocr_line' id='line_1_26' title="bbox 379 2807 1388 2889; baseline -0.005 -22"><span class='ocrx_word' id='word_1_226' title='bbox 379 2817 451 2869; x_wconf 81' lang='grc' dir='ltr'><strong><em>λέων</em></strong></span> <span class='ocrx_word' id='word_1_227' title='bbox 469 2816 485 2868; x_wconf 86' lang='grc' dir='ltr'><strong><em>δ</em></strong></span> <span class='ocrx_word' id='word_1_228' title='bbox 506 2807 613 2881; x_wconf 82' lang='grc' dir='ltr'><strong><em>στυπής</em></strong></span> <span class='ocrx_word' id='word_1_229' title='bbox 631 2819 659 2866; x_wconf 84' lang='grc' dir='ltr'>Β,</span> <span class='ocrx_word' id='word_1_230' title='bbox 749 2837 772 2887; x_wconf 82' lang='grc' dir='ltr'>η.</span> <span class='ocrx_word' id='word_1_231' title='bbox 797 2821 846 2869; x_wconf 84' lang='grc' dir='ltr'><strong><em>καὶ</em></strong></span> <span class='ocrx_word' id='word_1_232' title='bbox 870 2815 948 2889; x_wconf 73' lang='grc' dir='ltr'><strong><em>ὅσοι]</em></strong></span> <span class='ocrx_word' id='word_1_233' title='bbox 975 2820 1094 2870; x_wconf 73' lang='grc' dir='ltr'><strong><em>καὶτοῦ</em></strong></span> <span class='ocrx_word' id='word_1_234' title='bbox 1114 2815 1218 2884; x_wconf 79' lang='grc' dir='ltr'><strong><em>κλήρου</em></strong></span> <span class='ocrx_word' id='word_1_235' title='bbox 1236 2814 1343 2872; x_wconf 76' lang='grc' dir='ltr'><strong><em>παντός</em></strong></span> <span class='ocrx_word' id='word_1_236' title='bbox 1360 2815 1388 2864; x_wconf 86' lang='lat' dir='ltr'>B.</span> 
     </span>
    </p>
   </div>
   <div class='ocr_carea' id='block_1_3' title="bbox 380 2885 1389 3030">
    <p class='ocr_par' dir='ltr' id='par_1_6' title="bbox 380 2885 1389 3030">
     <span class='ocr_line' id='line_1_27' title="bbox 380 2885 1389 2959; baseline -0.005 -20"><span class='ocrx_word' id='word_1_237' title='bbox 380 2905 417 2939; x_wconf 89' lang='grc' dir='ltr'>ιι.</span> <span class='ocrx_word' id='word_1_238' title='bbox 437 2886 486 2949; x_wconf 77' lang='grc' dir='ltr'><strong><em>τῆς</em></strong></span> <span class='ocrx_word' id='word_1_239' title='bbox 518 2886 670 2959; x_wconf 75' lang='grc' dir='ltr'><strong><em>ἡμετέρας]</em></strong></span> <span class='ocrx_word' id='word_1_240' title='bbox 698 2891 730 2958; x_wconf 74' lang='grc' dir='ltr'>τῇ</span> <span class='ocrx_word' id='word_1_241' title='bbox 753 2892 811 2939; x_wconf 79' lang='grc' dir='ltr'><strong><em>τῶν</em></strong></span> <span class='ocrx_word' id='word_1_242' title='bbox 841 2887 1020 2958; x_wconf 86' lang='grc' dir='ltr'><strong><em>γραμμάτιον</em></strong></span> <span class='ocrx_word' id='word_1_243' title='bbox 1045 2888 1191 2957; x_wconf 83' lang='grc' dir='ltr'><strong><em>λογιότητι</em></strong></span> <span class='ocrx_word' id='word_1_244' title='bbox 1220 2885 1338 2957; x_wconf 85' lang='grc' dir='ltr'><strong><em>άριστος</em></strong></span> <span class='ocrx_word' id='word_1_245' title='bbox 1361 2886 1389 2934; x_wconf 88' lang='grc' dir='ltr'>Β.</span> 
     </span>
     <span class='ocr_line' id='line_1_28' title="bbox 381 2956 1127 3030; baseline 0.001 -23"><span class='ocrx_word' id='word_1_246' title='bbox 381 2961 418 3012; x_wconf 76' lang='grc' dir='ltr'>ιδ.</span> <span class='ocrx_word' id='word_1_247' title='bbox 439 2957 469 3018; x_wconf 75' lang='grc' dir='ltr'>ἐξ</span> <span class='ocrx_word' id='word_1_248' title='bbox 491 2957 585 3030; x_wconf 69' lang='grc' dir='ltr'><strong><em>αὐτῆς]</em></strong></span> <span class='ocrx_word' id='word_1_249' title='bbox 608 2963 770 3026; x_wconf 77' lang='grc' dir='ltr'><strong><em>παραυτίκα</em></strong></span> <span class='ocrx_word' id='word_1_250' title='bbox 787 2959 816 3008; x_wconf 86' lang='lat' dir='ltr'>B.</span> <span class='ocrx_word' id='word_1_251' title='bbox 893 2961 930 3011; x_wconf 76' lang='lat'>15.</span> <span class='ocrx_word' id='word_1_252' title='bbox 948 2956 1079 3022; x_wconf 63' lang='grc' dir='ltr'><strong><em>ἀλλήλοις</em></strong></span> <span class='ocrx_word' id='word_1_253' title='bbox 1095 2961 1127 3010; x_wconf 83' lang='grc' dir='ltr'>Α.</span> 
     </span>
    </p>
   </div>
   <div class='ocr_carea' id='block_1_4' title="bbox 307 3049 1399 4254">
    <p class='ocr_par' dir='ltr' id='par_1_7' title="bbox 307 3049 1399 4254">
     <span class='ocr_line' id='line_1_29' title="bbox 376 3049 1391 3123; baseline 0 -22"><span class='ocrx_word' id='word_1_254' title='bbox 376 3067 400 3101; x_wconf 82' lang='lat' dir='ltr'>a.</span> <span class='ocrx_word' id='word_1_255' title='bbox 438 3052 520 3102; x_wconf 84' lang='lat' dir='ltr'>Facta</span> <span class='ocrx_word' id='word_1_256' title='bbox 533 3053 616 3119; x_wconf 80' lang='lat' dir='ltr'>igitur</span> <span class='ocrx_word' id='word_1_257' title='bbox 626 3069 654 3103; x_wconf 85' lang='lat' dir='ltr'>re</span> <span class='ocrx_word' id='word_1_258' title='bbox 672 3051 763 3104; x_wconf 77' lang='lat' dir='ltr'>divina</span> <span class='ocrx_word' id='word_1_259' title='bbox 777 3071 826 3122; x_wconf 89' lang='lat' dir='ltr'>pro</span> <span class='ocrx_word' id='word_1_260' title='bbox 838 3053 1024 3105; x_wconf 75' lang='lat' dir='ltr'>declaratione</span> <span class='ocrx_word' id='word_1_261' title='bbox 1037 3061 1065 3106; x_wconf 90' lang='lat' dir='ltr'>et</span> <span class='ocrx_word' id='word_1_262' title='bbox 1074 3055 1182 3123; x_wconf 88' lang='lat' dir='ltr'>imperii</span> <span class='ocrx_word' id='word_1_263' title='bbox 1200 3051 1336 3121; x_wconf 84' lang='lat' dir='ltr'>auspiciis,</span> <span class='ocrx_word' id='word_1_264' title='bbox 1356 3049 1391 3102; x_wconf 83' lang='grc' dir='ltr'>δι</span> 
     </span>
     <span class='ocr_line' id='line_1_30' title="bbox 307 3121 1391 3192; baseline -0.002 -18"><span class='ocrx_word' id='word_1_265' title='bbox 307 3121 480 3192; x_wconf 79' lang='lat' dir='ltr'>patriarchici</span> <span class='ocrx_word' id='word_1_266' title='bbox 494 3121 586 3173; x_wconf 82' lang='lat' dir='ltr'>throni</span> <span class='ocrx_word' id='word_1_267' title='bbox 599 3140 751 3174; x_wconf 77' lang='lat' dir='ltr'><strong>successore</strong></span> <span class='ocrx_word' id='word_1_268' title='bbox 767 3133 795 3174; x_wconf 89' lang='lat' dir='ltr'>et</span> <span class='ocrx_word' id='word_1_269' title='bbox 810 3125 1009 3177; x_wconf 81' lang='lat' dir='ltr'>ecclesiasticae</span> <span class='ocrx_word' id='word_1_270' title='bbox 1028 3125 1176 3175; x_wconf 80' lang='lat' dir='ltr'>sanctionis</span> <span class='ocrx_word' id='word_1_271' title='bbox 1197 3123 1391 3191; x_wconf 75' lang='lat' dir='ltr'>gubernatore,</span> 
     </span>
     <span class='ocr_line' id='line_1_31' title="bbox 308 3192 1393 3264; baseline -0.002 -20"><span class='ocrx_word' id='word_1_272' title='bbox 308 3211 324 3244; x_wconf 88' lang='grc' dir='ltr'>ιι</span> <span class='ocrx_word' id='word_1_273' title='bbox 342 3209 396 3262; x_wconf 90' lang='lat' dir='ltr'>quo</span> <span class='ocrx_word' id='word_1_274' title='bbox 413 3193 442 3244; x_wconf 86' lang='lat' dir='ltr'>in</span> <span class='ocrx_word' id='word_1_275' title='bbox 462 3193 563 3262; x_wconf 88' lang='lat' dir='ltr'>templo</span> <span class='ocrx_word' id='word_1_276' title='bbox 579 3192 683 3244; x_wconf 71' lang='lat' dir='ltr'>donnini</span> <span class='ocrx_word' id='word_1_277' title='bbox 701 3211 801 3244; x_wconf 88' lang='lat' dir='ltr'>corona</span> <span class='ocrx_word' id='word_1_278' title='bbox 816 3196 990 3264; x_wconf 82' lang='lat' dir='ltr'>imperatoria</span> <span class='ocrx_word' id='word_1_279' title='bbox 1002 3204 1152 3258; x_wconf 88' lang='lat' dir='ltr'>ornaretur,</span> <span class='ocrx_word' id='word_1_280' title='bbox 1169 3193 1312 3245; x_wconf 80' lang='lat' dir='ltr'>deliberat.</span> <span class='ocrx_word' id='word_1_281' title='bbox 1329 3208 1393 3242; x_wconf 86' lang='lat' dir='ltr'>narn</span> 
     </span>
     <span class='ocr_line' id='line_1_32' title="bbox 309 3263 1392 3336; baseline -0.004 -21"><span class='ocrx_word' id='word_1_282' title='bbox 309 3264 364 3315; x_wconf 90' lang='lat' dir='ltr'>Leo</span> <span class='ocrx_word' id='word_1_283' title='bbox 376 3265 518 3334; x_wconf 81' lang='lat' dir='ltr'>Styppiota</span> <span class='ocrx_word' id='word_1_284' title='bbox 532 3273 618 3315; x_wconf 85' lang='lat' dir='ltr'>morte</span> <span class='ocrx_word' id='word_1_285' title='bbox 632 3264 713 3314; x_wconf 88' lang='lat' dir='ltr'>rebus</span> <span class='ocrx_word' id='word_1_286' title='bbox 725 3263 851 3317; x_wconf 78' lang='lat' dir='ltr'>burnonis</span> <span class='ocrx_word' id='word_1_287' title='bbox 865 3274 1005 3334; x_wconf 72' lang='lat' dir='ltr'>exemptus</span> <span class='ocrx_word' id='word_1_288' title='bbox 1024 3275 1089 3318; x_wconf 86' lang='lat' dir='ltr'>erat.</span> <span class='ocrx_word' id='word_1_289' title='bbox 1100 3265 1215 3336; x_wconf 82' lang='lat' dir='ltr'>proinde</span> <span class='ocrx_word' id='word_1_290' title='bbox 1229 3263 1392 3315; x_wconf 87' lang='lat' dir='ltr'>sententiam</span> 
     </span>
     <span class='ocr_line' id='line_1_33' title="bbox 310 3335 1393 3404; baseline -0.001 -20"><span class='ocrx_word' id='word_1_291' title='bbox 310 3351 384 3384; x_wconf 84' lang='lat' dir='ltr'>suam</span> <span class='ocrx_word' id='word_1_292' title='bbox 397 3351 457 3386; x_wconf 87' lang='lat' dir='ltr'>cum</span> <span class='ocrx_word' id='word_1_293' title='bbox 478 3336 599 3404; x_wconf 80' lang='lat' dir='ltr'>cognatis</span> <span class='ocrx_word' id='word_1_294' title='bbox 613 3335 785 3386; x_wconf 86' lang='lat' dir='ltr'>senatoribus</span> <span class='ocrx_word' id='word_1_295' title='bbox 808 3345 837 3387; x_wconf 91' lang='lat' dir='ltr'>et</span> <span class='ocrx_word' id='word_1_296' title='bbox 854 3336 1040 3389; x_wconf 81' lang='lat' dir='ltr'>sacerdotibus</span> <span class='ocrx_word' id='word_1_297' title='bbox 1061 3337 1249 3388; x_wconf 73' lang='lat' dir='ltr'>communicat.</span> <span class='ocrx_word' id='word_1_298' title='bbox 1268 3351 1329 3385; x_wconf 86' lang='lat' dir='ltr'>cnm</span> <span class='ocrx_word' id='word_1_299' title='bbox 1344 3351 1393 3383; x_wconf 85' lang='lat' dir='ltr'>au·</span> 
     </span>
     <span class='ocr_line' id='line_1_34' title="bbox 310 3405 1394 3474; baseline -0.001 -20"><span class='ocrx_word' id='word_1_300' title='bbox 310 3413 365 3454; x_wconf 85' lang='lat' dir='ltr'>tern</span> <span class='ocrx_word' id='word_1_301' title='bbox 378 3405 456 3456; x_wconf 88' lang='lat' dir='ltr'>multi</span> <span class='ocrx_word' id='word_1_302' title='bbox 470 3405 498 3456; x_wconf 89' lang='lat' dir='ltr'>in</span> <span class='ocrx_word' id='word_1_303' title='bbox 513 3405 624 3456; x_wconf 71' lang='lat' dir='ltr'>maximi</span> <span class='ocrx_word' id='word_1_304' title='bbox 642 3406 816 3474; x_wconf 81' lang='lat' dir='ltr'>pontificatus</span> <span class='ocrx_word' id='word_1_305' title='bbox 837 3409 969 3474; x_wconf 77' lang='lat' dir='ltr'>suffragiis</span> <span class='ocrx_word' id='word_1_306' title='bbox 982 3409 1201 3469; x_wconf 76' lang='lat' dir='ltr'>nominarentur,</span> <span class='ocrx_word' id='word_1_307' title='bbox 1220 3423 1313 3458; x_wconf 84' lang='lat' dir='ltr'>eorum</span> <span class='ocrx_word' id='word_1_308' title='bbox 1332 3420 1394 3455; x_wconf 85' lang='lat' dir='ltr'>sen-</span> 
     </span>
     <span class='ocr_line' id='line_1_35' title="bbox 310 3475 1393 3548; baseline -0.002 -22"><span class='ocrx_word' id='word_1_309' title='bbox 310 3475 397 3526; x_wconf 83' lang='lat' dir='ltr'>tentia</span> <span class='ocrx_word' id='word_1_310' title='bbox 419 3477 501 3537; x_wconf 84' lang='lat' dir='ltr'>vicit,</span> <span class='ocrx_word' id='word_1_311' title='bbox 520 3478 617 3528; x_wconf 87' lang='lat' dir='ltr'>ceteris</span> <span class='ocrx_word' id='word_1_312' title='bbox 634 3477 690 3527; x_wconf 85' lang='lat' dir='ltr'>sere</span> <span class='ocrx_word' id='word_1_313' title='bbox 707 3476 834 3527; x_wconf 85' lang='lat' dir='ltr'>omnibus</span> <span class='ocrx_word' id='word_1_314' title='bbox 848 3479 979 3539; x_wconf 81' lang='lat' dir='ltr'>assensis,</span> <span class='ocrx_word' id='word_1_315' title='bbox 999 3481 1047 3548; x_wconf 90' lang='lat' dir='ltr'>qui</span> <span class='ocrx_word' id='word_1_316' title='bbox 1060 3479 1222 3530; x_wconf 85' lang='lat' dir='ltr'>Michaelem</span> <span class='ocrx_word' id='word_1_317' title='bbox 1239 3477 1317 3528; x_wconf 78' lang='lat' dir='ltr'>Acuti</span> <span class='ocrx_word' id='word_1_318' title='bbox 1335 3491 1393 3525; x_wconf 86' lang='lat' dir='ltr'>mo·</span> 
     </span>
     <span class='ocr_line' id='line_1_36' title="bbox 311 3544 1394 3616; baseline 0.001 -22"><span class='ocrx_word' id='word_1_319' title='bbox 311 3544 424 3594; x_wconf 83' lang='lat' dir='ltr'>naslerii</span> <span class='ocrx_word' id='word_1_320' title='bbox 447 3545 607 3597; x_wconf 86' lang='lat' dir='ltr'>monachum</span> <span class='ocrx_word' id='word_1_321' title='bbox 637 3547 831 3616; x_wconf 75' lang='lat' dir='ltr'>designabant,</span> <span class='ocrx_word' id='word_1_322' title='bbox 862 3549 949 3598; x_wconf 85' lang='lat' dir='ltr'>virum</span> <span class='ocrx_word' id='word_1_323' title='bbox 977 3558 1006 3599; x_wconf 89' lang='lat' dir='ltr'>et</span> <span class='ocrx_word' id='word_1_324' title='bbox 1025 3551 1126 3600; x_wconf 77' lang='lat' dir='ltr'>virtute</span> <span class='ocrx_word' id='word_1_325' title='bbox 1143 3547 1279 3599; x_wconf 83' lang='lat' dir='ltr'>celebrem</span> <span class='ocrx_word' id='word_1_326' title='bbox 1298 3556 1326 3598; x_wconf 90' lang='lat' dir='ltr'>et</span> <span class='ocrx_word' id='word_1_327' title='bbox 1343 3561 1394 3596; x_wconf 85' lang='lat' dir='ltr'>no-</span> 
     </span>
     <span class='ocr_line' id='line_1_37' title="bbox 312 3614 1394 3687; baseline 0.001 -23"><span class='ocrx_word' id='word_1_328' title='bbox 312 3615 374 3666; x_wconf 85' lang='lat' dir='ltr'>stris</span> <span class='ocrx_word' id='word_1_329' title='bbox 393 3614 479 3666; x_wconf 84' lang='lat' dir='ltr'>literis</span> <span class='ocrx_word' id='word_1_330' title='bbox 500 3617 643 3668; x_wconf 84' lang='lat' dir='ltr'>eruditum.</span> <span class='ocrx_word' id='word_1_331' title='bbox 671 3619 694 3669; x_wconf 89' lang='lat' dir='ltr'>is</span> <span class='ocrx_word' id='word_1_332' title='bbox 716 3618 799 3686; x_wconf 82' lang='lat' dir='ltr'>igitur</span> <span class='ocrx_word' id='word_1_333' title='bbox 817 3619 971 3687; x_wconf 80' lang='lat' dir='ltr'>patriarcba</span> <span class='ocrx_word' id='word_1_334' title='bbox 984 3619 1137 3672; x_wconf 84' lang='lat' dir='ltr'>declaratus</span> <span class='ocrx_word' id='word_1_335' title='bbox 1159 3636 1220 3670; x_wconf 87' lang='lat' dir='ltr'>enm</span> <span class='ocrx_word' id='word_1_336' title='bbox 1238 3636 1253 3669; x_wconf 87' lang='lat' dir='ltr'>a</span> <span class='ocrx_word' id='word_1_337' title='bbox 1272 3635 1326 3686; x_wconf 87' lang='lat' dir='ltr'>quo</span> <span class='ocrx_word' id='word_1_338' title='bbox 1341 3633 1394 3666; x_wconf 85' lang='lat' dir='ltr'>un·</span> 
     </span>
     <span class='ocr_line' id='line_1_38' title="bbox 312 3686 1397 3759; baseline 0 -23"><span class='ocrx_word' id='word_1_339' title='bbox 312 3693 371 3736; x_wconf 87' lang='lat' dir='ltr'>ctus</span> <span class='ocrx_word' id='word_1_340' title='bbox 389 3694 447 3735; x_wconf 89' lang='lat' dir='ltr'>erat</span> <span class='ocrx_word' id='word_1_341' title='bbox 462 3686 578 3736; x_wconf 84' lang='lat' dir='ltr'>vicissim</span> <span class='ocrx_word' id='word_1_342' title='bbox 593 3688 678 3756; x_wconf 78' lang='lat' dir='ltr'>ungit,</span> <span class='ocrx_word' id='word_1_343' title='bbox 698 3705 799 3740; x_wconf 85' lang='lat' dir='ltr'>sacram</span> <span class='ocrx_word' id='word_1_344' title='bbox 818 3689 913 3740; x_wconf 85' lang='lat' dir='ltr'>aedem</span> <span class='ocrx_word' id='word_1_345' title='bbox 931 3691 1089 3759; x_wconf 73' lang='lat' dir='ltr'>ingressum.</span> <span class='ocrx_word' id='word_1_346' title='bbox 1104 3691 1293 3758; x_wconf 84' lang='lat' dir='ltr'>imperatorem</span> <span class='ocrx_word' id='word_1_347' title='bbox 1310 3689 1397 3738; x_wconf 85' lang='lat' dir='ltr'>etiam</span> 
     </span>
     <span class='ocr_line' id='line_1_39' title="bbox 311 3755 1396 3832; baseline 0.001 -26"><span class='ocrx_word' id='word_1_348' title='bbox 311 3755 396 3806; x_wconf 80' lang='lat' dir='ltr'>frater</span> <span class='ocrx_word' id='word_1_349' title='bbox 414 3757 532 3806; x_wconf 86' lang='lat' dir='ltr'>isaacius</span> <span class='ocrx_word' id='word_1_350' title='bbox 548 3767 589 3808; x_wconf 84' lang='lat' dir='ltr'>est</span> <span class='ocrx_word' id='word_1_351' title='bbox 608 3761 767 3822; x_wconf 62' lang='lat' dir='ltr'>comitatum</span> <span class='ocrx_word' id='word_1_352' title='bbox 786 3761 880 3830; x_wconf 74' lang='lat' dir='ltr'>itaque</span> <span class='ocrx_word' id='word_1_353' title='bbox 900 3762 1006 3825; x_wconf 81' lang='lat' dir='ltr'>iratres,</span> <span class='ocrx_word' id='word_1_354' title='bbox 1020 3768 1128 3832; x_wconf 85' lang='lat' dir='ltr'>praeter</span> <span class='ocrx_word' id='word_1_355' title='bbox 1137 3761 1210 3829; x_wconf 77' lang='lat' dir='ltr'>vulgi</span> <span class='ocrx_word' id='word_1_356' title='bbox 1223 3760 1396 3829; x_wconf 87' lang='lat' dir='ltr'>opinionem,</span> 
     </span>
     <span class='ocr_line' id='line_1_40' title="bbox 311 3825 1398 3899; baseline -0.001 -21"><span class='ocrx_word' id='word_1_357' title='bbox 311 3833 406 3878; x_wconf 80' lang='lat' dir='ltr'>mutua</span> <span class='ocrx_word' id='word_1_358' title='bbox 421 3825 613 3878; x_wconf 84' lang='lat' dir='ltr'>benevolentia</span> <span class='ocrx_word' id='word_1_359' title='bbox 631 3847 659 3880; x_wconf 85' lang='lat' dir='ltr'>se</span> <span class='ocrx_word' id='word_1_360' title='bbox 681 3831 815 3899; x_wconf 82' lang='lat' dir='ltr'>complexi</span> <span class='ocrx_word' id='word_1_361' title='bbox 833 3840 904 3883; x_wconf 82' lang='lat' dir='ltr'>sunt</span> <span class='ocrx_word' id='word_1_362' title='bbox 925 3833 1081 3884; x_wconf 75' lang='lat' dir='ltr'>saltantem</span> <span class='ocrx_word' id='word_1_363' title='bbox 1094 3831 1213 3882; x_wconf 73' lang='lat' dir='ltr'>isaacius</span> <span class='ocrx_word' id='word_1_364' title='bbox 1234 3831 1271 3882; x_wconf 89' lang='lat' dir='ltr'>ob</span> <span class='ocrx_word' id='word_1_365' title='bbox 1288 3831 1398 3880; x_wconf 82' lang='lat' dir='ltr'>iracun-</span> 
     </span>
     <span class='ocr_line' id='line_1_41' title="bbox 313 3895 1398 3972; baseline 0.001 -25"><span class='ocrx_word' id='word_1_366' title='bbox 313 3895 387 3948; x_wconf 77' lang='lat' dir='ltr'>diam</span> <span class='ocrx_word' id='word_1_367' title='bbox 406 3905 433 3948; x_wconf 91' lang='lat' dir='ltr'>et</span> <span class='ocrx_word' id='word_1_368' title='bbox 449 3896 556 3950; x_wconf 79' lang='lat' dir='ltr'>levibus</span> <span class='ocrx_word' id='word_1_369' title='bbox 575 3899 609 3950; x_wconf 84' lang='lat' dir='ltr'>‹le</span> <span class='ocrx_word' id='word_1_370' title='bbox 629 3903 716 3954; x_wconf 86' lang='lat' dir='ltr'>causis</span> <span class='ocrx_word' id='word_1_371' title='bbox 735 3900 771 3952; x_wconf 79' lang='lat' dir='ltr'>acl</span> <span class='ocrx_word' id='word_1_372' title='bbox 787 3903 889 3952; x_wconf 86' lang='lat' dir='ltr'>atrocia</span> <span class='ocrx_word' id='word_1_373' title='bbox 909 3903 1042 3972; x_wconf 87' lang='lat' dir='ltr'>supplicia</span> <span class='ocrx_word' id='word_1_374' title='bbox 1060 3903 1269 3970; x_wconf 75' lang='lat' dir='ltr'>propensionem</span> <span class='ocrx_word' id='word_1_375' title='bbox 1284 3898 1398 3952; x_wconf 86' lang='lat' dir='ltr'>minime</span> 
     </span>
     <span class='ocr_line' id='line_1_42' title="bbox 312 3970 1399 4042; baseline 0.001 -25"><span class='ocrx_word' id='word_1_376' title='bbox 312 3970 540 4036; x_wconf 73' lang='lat' dir='ltr'>gratnspopu103</span> <span class='ocrx_word' id='word_1_377' title='bbox 566 3980 594 4022; x_wconf 86' lang='lat' dir='ltr'>et</span> <span class='ocrx_word' id='word_1_378' title='bbox 611 3989 767 4042; x_wconf 82' lang='lat' dir='ltr'>qrranquam</span> <span class='ocrx_word' id='word_1_379' title='bbox 785 3988 930 4041; x_wconf 81' lang='lat' dir='ltr'>procerus,</span> <span class='ocrx_word' id='word_1_380' title='bbox 956 3972 1350 4040; x_wconf 80' lang='lat' dir='ltr'>nescioquiaisormidolosnm</span> <span class='ocrx_word' id='word_1_381' title='bbox 1369 3976 1399 4019; x_wconf 89' lang='lat' dir='ltr'>et</span> 
     </span>
     <span class='ocr_line' id='line_1_43' title="bbox 312 4037 1397 4112; baseline 0.001 -24"><span class='ocrx_word' id='word_1_382' title='bbox 312 4037 369 4088; x_wconf 85' lang='lat' dir='ltr'>viro</span> <span class='ocrx_word' id='word_1_383' title='bbox 393 4037 534 4106; x_wconf 78' lang='lat' dir='ltr'>indignum</span> <span class='ocrx_word' id='word_1_384' title='bbox 561 4040 672 4104; x_wconf 84' lang='lat' dir='ltr'>habuit,</span> <span class='ocrx_word' id='word_1_385' title='bbox 694 4051 725 4094; x_wconf 87' lang='lat' dir='ltr'>ut</span> <span class='ocrx_word' id='word_1_386' title='bbox 744 4041 779 4092; x_wconf 80' lang='lat' dir='ltr'>acl</span> <span class='ocrx_word' id='word_1_387' title='bbox 800 4046 922 4112; x_wconf 75' lang='lat' dir='ltr'>quemvis</span> <span class='ocrx_word' id='word_1_388' title='bbox 942 4059 1013 4112; x_wconf 88' lang='lat' dir='ltr'>pene</span> <span class='ocrx_word' id='word_1_389' title='bbox 1032 4044 1174 4112; x_wconf 81' lang='lat' dir='ltr'>strepitum</span> <span class='ocrx_word' id='word_1_390' title='bbox 1200 4048 1397 4112; x_wconf 76' lang='lat' dir='ltr'>expavesceret.</span> 
     </span>
     <span class='ocr_line' id='line_1_44' title="bbox 312 4107 1398 4182; baseline 0.002 -24"><span class='ocrx_word' id='word_1_391' title='bbox 312 4107 487 4176; x_wconf 82' lang='lat' dir='ltr'>quamobrem</span> <span class='ocrx_word' id='word_1_392' title='bbox 514 4120 591 4178; x_wconf 88' lang='lat' dir='ltr'>pater</span> <span class='ocrx_word' id='word_1_393' title='bbox 609 4113 666 4164; x_wconf 88' lang='lat' dir='ltr'>eins</span> <span class='ocrx_word' id='word_1_394' title='bbox 685 4112 837 4175; x_wconf 80' lang='lat' dir='ltr'>lohannes,</span> <span class='ocrx_word' id='word_1_395' title='bbox 862 4114 1009 4182; x_wconf 85' lang='lat' dir='ltr'>imperator</span> <span class='ocrx_word' id='word_1_396' title='bbox 1027 4113 1237 4176; x_wconf 84' lang='lat' dir='ltr'>solertissimus,</span> <span class='ocrx_word' id='word_1_397' title='bbox 1260 4115 1341 4165; x_wconf 83' lang='lat' dir='ltr'>etiam</span> <span class='ocrx_word' id='word_1_398' title='bbox 1363 4127 1398 4161; x_wconf 86' lang='lat' dir='ltr'>eo</span> 
     </span>
     <span class='ocr_line' id='line_1_45' title="bbox 312 4177 1367 4254; baseline 0.005 -25"><span class='ocrx_word' id='word_1_399' title='bbox 312 4177 422 4232; x_wconf 85' lang='lat' dir='ltr'>nomiae</span> <span class='ocrx_word' id='word_1_400' title='bbox 441 4179 475 4232; x_wconf 83' lang='lat' dir='ltr'>ab</span> <span class='ocrx_word' id='word_1_401' title='bbox 494 4183 620 4235; x_wconf 88' lang='lat' dir='ltr'>omnibus</span> <span class='ocrx_word' id='word_1_402' title='bbox 639 4181 836 4246; x_wconf 76' lang='lat' dir='ltr'>celebrabatur,</span> <span class='ocrx_word' id='word_1_403' title='bbox 857 4184 932 4254; x_wconf 78' lang='lat' dir='ltr'>qarod</span> <span class='ocrx_word' id='word_1_404' title='bbox 950 4184 992 4234; x_wconf 90' lang='lat' dir='ltr'>illi</span> <span class='ocrx_word' id='word_1_405' title='bbox 1011 4185 1165 4236; x_wconf 76' lang='lat' dir='ltr'>llanuelem</span> <span class='ocrx_word' id='word_1_406' title='bbox 1185 4185 1367 4254; x_wconf 76' lang='lat' dir='ltr'>praetulisset.</span> 
     </span>
    </p>
   </div>
   <div class='ocr_carea' id='block_1_5' title="bbox 0 0 1531 4892">
    <p class='ocr_par' dir='ltr' id='par_1_8' title="bbox 0 0 1531 4892">
     <span class='ocr_line' id='line_1_46' title="bbox 0 0 1531 4892; baseline 0 0"><span class='ocrx_word' id='word_1_407' title='bbox 0 0 1531 4892; x_wconf 95' lang='lat' dir='ltr'> </span> 
     </span>
    </p>
   </div>
  </div>
 </body>
</html>
