<?xml version="1.0" encoding="UTF-8"?>
<!DOCTYPE html PUBLIC "-//W3C//DTD XHTML 1.0 Transitional//EN"
    "http://www.w3.org/TR/xhtml1/DTD/xhtml1-transitional.dtd">
<html xmlns="http://www.w3.org/1999/xhtml" xml:lang="en" lang="en">
 <head>
  <title>
</title>
<meta http-equiv="Content-Type" content="text/html;charset=utf-8" />
  <meta name='ocr-system' content='tesseract 3.04.00' />
  <meta name='ocr-capabilities' content='ocr_page ocr_carea ocr_par ocr_line ocrx_word'/>
</head>
<body>
  <div class='ocr_page' id='page_1' title='image "./corpusscriptoru03unkngoog/corpusscriptoru03unkngoog_0227.png"; bbox 0 0 3017 4892; ppageno 0'>
   <div class='ocr_carea' id='block_1_1' title="bbox 379 279 1260 395">
    <p class='ocr_par' dir='ltr' id='par_1_1' title="bbox 379 279 1260 395">
     <span class='ocr_line' id='line_1_1' title="bbox 379 279 1260 395; baseline -0.002 -25"><span class='ocrx_word' id='word_1_1' title='bbox 379 309 434 371; x_wconf 81' lang='grc' dir='ltr'><strong>σν,</strong></span> <span class='ocrx_word' id='word_1_2' title='bbox 459 308 652 372; x_wconf 73' lang='lat' dir='ltr'><strong>nanuum</strong></span> <span class='ocrx_word' id='word_1_3' title='bbox 676 306 874 391; x_wconf 74' lang='lat' dir='ltr'><strong>connino</strong></span> <span class='ocrx_word' id='word_1_4' title='bbox 904 309 977 382; x_wconf 82' lang='lat' dir='ltr'><strong>ma.</strong></span> <span class='ocrx_word' id='word_1_5' title='bbox 1007 311 1060 376; x_wconf 73' lang='grc' dir='ltr'><em>ιο..</em></span> <span class='ocrx_word' id='word_1_6' title='bbox 1184 279 1260 395; x_wconf 80' lang='lat'><strong>187</strong></span> 
     </span>
    </p>
   </div>
   <div class='ocr_carea' id='block_1_2' title="bbox 117 449 1342 2825">
    <p class='ocr_par' dir='ltr' id='par_1_2' title="bbox 117 449 1342 2825">
     <span class='ocr_line' id='line_1_2' title="bbox 172 449 1263 544; baseline 0.002 -22"><span class='ocrx_word' id='word_1_7' title='bbox 172 456 232 522; x_wconf 79' lang='grc' dir='ltr'><em>καί</em></span> <span class='ocrx_word' id='word_1_8' title='bbox 251 455 295 532; x_wconf 71' lang='grc' dir='ltr'><strong>ὥς</strong></span> <span class='ocrx_word' id='word_1_9' title='bbox 316 453 446 537; x_wconf 57' lang='lat' dir='ltr'><strong>teporo</strong></span> <span class='ocrx_word' id='word_1_10' title='bbox 466 449 701 541; x_wconf 84' lang='grc' dir='ltr'><em>οφαγιάζοντις,</em></span> <span class='ocrx_word' id='word_1_11' title='bbox 722 451 765 534; x_wconf 74' lang='grc' dir='ltr'><em>τίς</em></span> <span class='ocrx_word' id='word_1_12' title='bbox 787 452 891 539; x_wconf 78' lang='grc' dir='ltr'><em>ἔχοιεν</em></span> <span class='ocrx_word' id='word_1_13' title='bbox 914 458 967 544; x_wconf 75' lang='grc' dir='ltr'><strong>ἐφ’</strong></span> <span class='ocrx_word' id='word_1_14' title='bbox 989 456 1124 541; x_wconf 73' lang='grc' dir='ltr'><em>ἡσυχίας</em></span> <span class='ocrx_word' id='word_1_15' title='bbox 1144 455 1263 544; x_wconf 78' lang='grc' dir='ltr'><em>δηποο-</em></span> 
     </span>
     <span class='ocr_line' id='line_1_3' title="bbox 169 547 1262 643; baseline -0.003 -20"><span class='ocrx_word' id='word_1_16' title='bbox 169 563 232 622; x_wconf 79' lang='grc' dir='ltr'><em>θεν</em></span> <span class='ocrx_word' id='word_1_17' title='bbox 251 547 339 620; x_wconf 75' lang='grc' dir='ltr'><em>οὗτοι</em></span> <span class='ocrx_word' id='word_1_18' title='bbox 358 557 487 618; x_wconf 78' lang='grc' dir='ltr'><em>σπαθᾶν</em></span> <span class='ocrx_word' id='word_1_19' title='bbox 508 551 563 617; x_wconf 86' lang='grc' dir='ltr'><em>καί</em></span> <span class='ocrx_word' id='word_1_20' title='bbox 582 553 624 633; x_wconf 77' lang='grc' dir='ltr'><strong>ὥς</strong></span> <span class='ocrx_word' id='word_1_21' title='bbox 645 559 788 643; x_wconf 75' lang='grc' dir='ltr'><em>πατρῷον</em></span> <span class='ocrx_word' id='word_1_22' title='bbox 808 555 922 640; x_wconf 78' lang='grc' dir='ltr'><em>κλῆρον</em></span> <span class='ocrx_word' id='word_1_23' title='bbox 943 557 1182 642; x_wconf 70' lang='grc' dir='ltr'><strong>καθηδυπαθεῖν</strong></span> <span class='ocrx_word' id='word_1_24' title='bbox 1202 579 1262 639; x_wconf 90' lang='grc' dir='ltr'><strong>μο-</strong></span> 
     </span>
     <span class='ocr_line' id='line_1_4' title="bbox 170 650 1261 739; baseline -0.001 -18"><span class='ocrx_word' id='word_1_25' title='bbox 170 657 310 722; x_wconf 75' lang='grc' dir='ltr'><em>νώτατοι</em></span> <span class='ocrx_word' id='word_1_26' title='bbox 328 657 369 718; x_wconf 85' lang='grc' dir='ltr'><em>τά</em></span> <span class='ocrx_word' id='word_1_27' title='bbox 393 653 531 738; x_wconf 83' lang='grc' dir='ltr'><em>δημόσια</em></span> <span class='ocrx_word' id='word_1_28' title='bbox 550 657 606 718; x_wconf 89' lang='grc' dir='ltr'><em>καί</em></span> <span class='ocrx_word' id='word_1_29' title='bbox 626 650 670 730; x_wconf 77' lang='grc' dir='ltr'><em>σάς</em></span> <span class='ocrx_word' id='word_1_30' title='bbox 692 653 907 739; x_wconf 70' lang='grc' dir='ltr'><strong><em>ἀνδραπόδοις</em></strong></span> <span class='ocrx_word' id='word_1_31' title='bbox 922 657 1067 738; x_wconf 79' lang='grc' dir='ltr'><em>χρῆσθαι</em></span> <span class='ocrx_word' id='word_1_32' title='bbox 1088 664 1154 732; x_wconf 85' lang='grc' dir='ltr'><em>τοῖς</em></span> <span class='ocrx_word' id='word_1_33' title='bbox 1174 659 1261 722; x_wconf 80' lang='grc' dir='ltr'><em>ἐλευ-</em></span> 
     </span>
     <span class='ocr_line' id='line_1_5' title="bbox 172 747 1260 841; baseline -0.001 -21"><span class='ocrx_word' id='word_1_34' title='bbox 172 755 284 841; x_wconf 84' lang='grc' dir='ltr'><em>θίροις</em></span> <span class='ocrx_word' id='word_1_35' title='bbox 296 755 353 818; x_wconf 85' lang='grc' dir='ltr'><em>καί</em></span> <span class='ocrx_word' id='word_1_36' title='bbox 372 751 417 828; x_wconf 74' lang='grc' dir='ltr'><strong>ὥς</strong></span> <span class='ocrx_word' id='word_1_37' title='bbox 429 753 556 836; x_wconf 72' lang='grc' dir='ltr'><em>ὠνητοῖς</em></span> <span class='ocrx_word' id='word_1_38' title='bbox 570 761 633 829; x_wconf 82' lang='grc' dir='ltr'><em>τοῖς</em></span> <span class='ocrx_word' id='word_1_39' title='bbox 655 754 836 838; x_wconf 73' lang='grc' dir='ltr'><em>α’ξιυστέροις</em></span> <span class='ocrx_word' id='word_1_40' title='bbox 847 757 945 818; x_wconf 82' lang='grc' dir='ltr'><em>ἐνίοτε</em></span> <span class='ocrx_word' id='word_1_41' title='bbox 965 747 1074 840; x_wconf 83' lang='grc' dir='ltr'><em>άρχειν</em></span> <span class='ocrx_word' id='word_1_42' title='bbox 1087 757 1260 841; x_wconf 78' lang='grc' dir='ltr'><em>προσφέρε-</em></span> 
     </span>
     <span class='ocr_line' id='line_1_6' title="bbox 141 849 1261 942; baseline -0.002 -21"><span class='ocrx_word' id='word_1_43' title='bbox 141 858 274 937; x_wconf 65' lang='lat' dir='ltr'><strong>Sados,</strong></span> <span class='ocrx_word' id='word_1_44' title='bbox 300 855 404 928; x_wconf 75' lang='grc' dir='ltr'><em>κακῶς</em></span> <span class='ocrx_word' id='word_1_45' title='bbox 424 849 543 928; x_wconf 77' lang='grc' dir='ltr'><em>είίότες</em></span> <span class='ocrx_word' id='word_1_46' title='bbox 564 853 620 916; x_wconf 82' lang='grc' dir='ltr'><em>καί</em></span> <span class='ocrx_word' id='word_1_47' title='bbox 637 851 674 918; x_wconf 86' lang='grc' dir='ltr'><em>τά</em></span> <span class='ocrx_word' id='word_1_48' title='bbox 702 861 830 939; x_wconf 76' lang='grc' dir='ltr'><em>φρονεῖν</em></span> <span class='ocrx_word' id='word_1_49' title='bbox 851 849 914 917; x_wconf 79' lang='grc' dir='ltr'><strong>άπὸ</strong></span> <span class='ocrx_word' id='word_1_50' title='bbox 936 855 989 935; x_wconf 80' lang='grc' dir='ltr'><em>τῆς</em></span> <span class='ocrx_word' id='word_1_51' title='bbox 1010 855 1153 930; x_wconf 81' lang='grc' dir='ltr'><em>ἐξουσίας</em></span> <span class='ocrx_word' id='word_1_52' title='bbox 1175 853 1261 942; x_wconf 69' lang='lat' dir='ltr'><strong>‹Ipp-</strong></span> 
     </span>
     <span class='ocr_line' id='line_1_7' title="bbox 172 946 1260 1040; baseline -0.001 -23"><span class='ocrx_word' id='word_1_53' title='bbox 172 957 306 1040; x_wconf 73' lang='grc' dir='ltr'><em>ρἠμένσι</em></span> <span class='ocrx_word' id='word_1_54' title='bbox 332 951 388 1017; x_wconf 87' lang='grc' dir='ltr'><em>καί</em></span> <span class='ocrx_word' id='word_1_55' title='bbox 406 946 607 1032; x_wconf 68' lang='grc' dir='ltr'><em>κακοβούλους</em></span> <span class='ocrx_word' id='word_1_56' title='bbox 621 953 684 1016; x_wconf 79' lang='grc' dir='ltr'><em>τάν</em></span> <span class='ocrx_word' id='word_1_57' title='bbox 710 948 864 1038; x_wconf 88' lang='grc' dir='ltr'><em>πράτριτα</em></span> <span class='ocrx_word' id='word_1_58' title='bbox 885 950 1127 1035; x_wconf 77' lang='grc' dir='ltr'><em>λανθανόμενοι.</em></span> <span class='ocrx_word' id='word_1_59' title='bbox 1167 953 1221 1018; x_wconf 83' lang='grc' dir='ltr'><em>κατ’</em></span> <span class='ocrx_word' id='word_1_60' title='bbox 1242 949 1260 1016; x_wconf 84' lang='grc' dir='ltr'>ὅ</span> 
     </span>
     <span class='ocr_line' id='line_1_8' title="bbox 172 1044 1261 1141; baseline -0.002 -21"><span class='ocrx_word' id='word_1_61' title='bbox 172 1050 335 1136; x_wconf 75' lang='grc' dir='ltr'><em>Μανσυηλ</em></span> <span class='ocrx_word' id='word_1_62' title='bbox 363 1055 471 1116; x_wconf 88' lang='grc' dir='ltr'><em>τοίνυν</em></span> <span class='ocrx_word' id='word_1_63' title='bbox 504 1049 598 1116; x_wconf 72' lang='grc' dir='ltr'><em>οὐδὲν</em></span> <span class='ocrx_word' id='word_1_64' title='bbox 624 1044 723 1137; x_wconf 79' lang='grc' dir='ltr'><em>άχαρι</em></span> <span class='ocrx_word' id='word_1_65' title='bbox 752 1048 836 1134; x_wconf 80' lang='grc' dir='ltr'><em>ἔχων</em></span> <span class='ocrx_word' id='word_1_66' title='bbox 864 1053 1044 1135; x_wconf 79' lang='grc' dir='ltr'><em>ἐπεγκαλεῖν</em></span> <span class='ocrx_word' id='word_1_67' title='bbox 1070 1055 1196 1140; x_wconf 79' lang='grc' dir='ltr'><em>Ἀλεξίιρ</em></span> <span class='ocrx_word' id='word_1_68' title='bbox 1217 1055 1261 1141; x_wconf 71' lang='grc' dir='ltr'><em>τῷ</em></span> 
     </span>
     <span class='ocr_line' id='line_1_9' title="bbox 171 1141 1261 1237; baseline 0 -21"><span class='ocrx_word' id='word_1_69' title='bbox 171 1141 483 1237; x_wconf 80' lang='grc' dir='ltr'><em>πρωτοστράτορι,ἢ</em></span> <span class='ocrx_word' id='word_1_70' title='bbox 507 1144 526 1213; x_wconf 76' lang='grc' dir='ltr'>ὅ</span> <span class='ocrx_word' id='word_1_71' title='bbox 545 1175 575 1214; x_wconf 92' lang='grc' dir='ltr'><strong>τι</strong></span> <span class='ocrx_word' id='word_1_72' title='bbox 596 1145 676 1226; x_wconf 80' lang='grc' dir='ltr'><em>ὅλαις</em></span> <span class='ocrx_word' id='word_1_73' title='bbox 699 1147 955 1236; x_wconf 83' lang='grc' dir='ltr'><em>παραλελάπηκεν</em></span> <span class='ocrx_word' id='word_1_74' title='bbox 975 1145 997 1235; x_wconf 79' lang='grc' dir='ltr'><strong><em>ἢ</em></strong></span> <span class='ocrx_word' id='word_1_75' title='bbox 1014 1151 1261 1236; x_wconf 77' lang='grc' dir='ltr'><em>παρηνώχλησεν</em></span> 
     </span>
     <span class='ocr_line' id='line_1_10' title="bbox 170 1245 1342 1338; baseline -0.001 -24"><span class='ocrx_word' id='word_1_76' title='bbox 170 1245 196 1338; x_wconf 78' lang='grc' dir='ltr'><em>ἢ</em></span> <span class='ocrx_word' id='word_1_77' title='bbox 217 1253 275 1335; x_wconf 73' lang='grc' dir='ltr'><em>τῆς</em></span> <span class='ocrx_word' id='word_1_78' title='bbox 301 1248 508 1335; x_wconf 76' lang='grc' dir='ltr'><strong>ὀφειλομένης</strong></span> <span class='ocrx_word' id='word_1_79' title='bbox 538 1249 661 1325; x_wconf 78' lang='grc' dir='ltr'><em>εὐνοίας</em></span> <span class='ocrx_word' id='word_1_80' title='bbox 690 1253 746 1314; x_wconf 90' lang='grc' dir='ltr'><em>καί</em></span> <span class='ocrx_word' id='word_1_81' title='bbox 763 1251 894 1326; x_wconf 86' lang='grc' dir='ltr'><em>πίστεως</em></span> <span class='ocrx_word' id='word_1_82' title='bbox 917 1254 1082 1337; x_wconf 82' lang='grc' dir='ltr'><em>καθνφῆκε</em></span> <span class='ocrx_word' id='word_1_83' title='bbox 1101 1249 1208 1337; x_wconf 85' lang='grc' dir='ltr'><em>βραχά</em></span> <span class='ocrx_word' id='word_1_84' title='bbox 1228 1249 1342 1336; x_wconf 51' lang='grc' dir='ltr'><strong>τοὶς(</strong></span> 
     </span>
     <span class='ocr_line' id='line_1_11' title="bbox 123 1340 1259 1433; baseline -0.001 -17"><span class='ocrx_word' id='word_1_85' title='bbox 123 1352 250 1433; x_wconf 83' lang='grc' dir='ltr'><em>ιογοτῖν</em></span> <span class='ocrx_word' id='word_1_86' title='bbox 272 1349 447 1433; x_wconf 80' lang='grc' dir='ltr'><em>α’ντίρροπα</em></span> <span class='ocrx_word' id='word_1_87' title='bbox 470 1343 590 1432; x_wconf 78' lang='grc' dir='ltr'><em>δράσας</em></span> <span class='ocrx_word' id='word_1_88' title='bbox 623 1340 668 1414; x_wconf 72' lang='grc' dir='ltr'><strong>ὧν</strong></span> <span class='ocrx_word' id='word_1_89' title='bbox 687 1345 741 1412; x_wconf 64' lang='grc' dir='ltr'><em>εἶπ’</em></span> <span class='ocrx_word' id='word_1_90' title='bbox 771 1349 873 1414; x_wconf 71' lang='grc' dir='ltr'><em>αὐτοῦ</em></span> <span class='ocrx_word' id='word_1_91' title='bbox 892 1353 1048 1415; x_wconf 72' lang='grc' dir='ltr'><em>πέπονθεν</em></span> <span class='ocrx_word' id='word_1_92' title='bbox 1067 1341 1121 1433; x_wconf 71' lang='grc' dir='ltr'><em>εὖ,</em></span> <span class='ocrx_word' id='word_1_93' title='bbox 1142 1353 1198 1414; x_wconf 91' lang='grc' dir='ltr'><em>καί</em></span> <span class='ocrx_word' id='word_1_94' title='bbox 1215 1349 1259 1428; x_wconf 75' lang='grc' dir='ltr'><strong>ὥς</strong></span> 
     </span>
     <span class='ocr_line' id='line_1_12' title="bbox 172 1443 1259 1533; baseline 0.003 -19"><span class='ocrx_word' id='word_1_95' title='bbox 172 1449 229 1514; x_wconf 84' lang='grc' dir='ltr'><em>ε’τιί</em></span> <span class='ocrx_word' id='word_1_96' title='bbox 248 1451 346 1530; x_wconf 81' lang='grc' dir='ltr'><em>ζυγοῦ</em></span> <span class='ocrx_word' id='word_1_97' title='bbox 364 1445 422 1532; x_wconf 72' lang='grc' dir='ltr'><em>τὴν</em></span> <span class='ocrx_word' id='word_1_98' title='bbox 440 1443 555 1532; x_wconf 76' lang='grc' dir='ltr'><em>ἑτέραν</em></span> <span class='ocrx_word' id='word_1_99' title='bbox 575 1452 767 1533; x_wconf 76' lang='grc' dir='ltr'><em>παρήνεγκεν</em></span> <span class='ocrx_word' id='word_1_100' title='bbox 787 1449 979 1533; x_wconf 78' lang='grc' dir='ltr'><em>πλάστιγγα,</em></span> <span class='ocrx_word' id='word_1_101' title='bbox 997 1451 1031 1530; x_wconf 82' lang='grc' dir='ltr'><strong>ἒξ</strong></span> <span class='ocrx_word' id='word_1_102' title='bbox 1051 1449 1202 1526; x_wconf 81' lang='grc' dir='ltr'><em>άπονοίας</em></span> <span class='ocrx_word' id='word_1_103' title='bbox 1222 1452 1259 1517; x_wconf 77' lang='lat' dir='ltr'><strong>dd</strong></span> 
     </span>
     <span class='ocr_line' id='line_1_13' title="bbox 169 1543 1258 1634; baseline 0.005 -24"><span class='ocrx_word' id='word_1_104' title='bbox 169 1545 272 1632; x_wconf 83' lang='grc' dir='ltr'><em>μόνης</em></span> <span class='ocrx_word' id='word_1_105' title='bbox 303 1543 499 1630; x_wconf 76' lang='grc' dir='ltr'><strong>ὁρμώμενος,</strong></span> <span class='ocrx_word' id='word_1_106' title='bbox 528 1543 729 1630; x_wconf 83' lang='grc' dir='ltr'><em>κακοσχόλισν</em></span> <span class='ocrx_word' id='word_1_107' title='bbox 758 1553 870 1631; x_wconf 70' lang='grc' dir='ltr'><em>τινοῖν,</em></span> <span class='ocrx_word' id='word_1_108' title='bbox 905 1545 948 1625; x_wconf 68' lang='lat' dir='ltr'><strong>oie</strong></span> <span class='ocrx_word' id='word_1_109' title='bbox 968 1543 1154 1634; x_wconf 84' lang='grc' dir='ltr'><em>άνθρονπσς,</em></span> <span class='ocrx_word' id='word_1_110' title='bbox 1173 1545 1258 1615; x_wconf 76' lang='lat' dir='ltr'><strong>eino·</strong></span> 
     </span>
     <span class='ocr_line' id='line_1_14' title="bbox 170 1641 1258 1736; baseline 0.003 -25"><span class='ocrx_word' id='word_1_111' title='bbox 170 1644 266 1729; x_wconf 82' lang='grc' dir='ltr'><em>χθείς</em></span> <span class='ocrx_word' id='word_1_112' title='bbox 294 1645 511 1732; x_wconf 76' lang='grc' dir='ltr'><em>άφηγησεσιν,</em></span> <span class='ocrx_word' id='word_1_113' title='bbox 537 1648 577 1712; x_wconf 77' lang='grc' dir='ltr'><em>·ε’κ</em></span> <span class='ocrx_word' id='word_1_114' title='bbox 607 1645 735 1712; x_wconf 77' lang='grc' dir='ltr'><em>τοῦτὸν</em></span> <span class='ocrx_word' id='word_1_115' title='bbox 767 1641 871 1734; x_wconf 72' lang='grc' dir='ltr'><em>ἄνδρα</em></span> <span class='ocrx_word' id='word_1_116' title='bbox 891 1647 972 1736; x_wconf 78' lang='grc' dir='ltr'><em>ὅράν</em></span> <span class='ocrx_word' id='word_1_117' title='bbox 995 1647 1051 1713; x_wconf 88' lang='grc' dir='ltr'><em>καί</em></span> <span class='ocrx_word' id='word_1_118' title='bbox 1072 1658 1258 1735; x_wconf 81' lang='grc' dir='ltr'><em>στρατηγοῖς</em></span> 
     </span>
     <span class='ocr_line' id='line_1_15' title="bbox 170 1730 1260 1838; baseline 0.004 -28"><span class='ocrx_word' id='word_1_119' title='bbox 170 1743 229 1810; x_wconf 82' lang='grc' dir='ltr'><em>καί</em></span> <span class='ocrx_word' id='word_1_120' title='bbox 259 1741 467 1831; x_wconf 76' lang='grc' dir='ltr'><em>στρατιώταις</em></span> <span class='ocrx_word' id='word_1_121' title='bbox 496 1746 653 1831; x_wconf 82' lang='grc' dir='ltr'><em>ε’ράμενον</em></span> <span class='ocrx_word' id='word_1_122' title='bbox 683 1730 926 1838; x_wconf 61' lang='grc' dir='ltr'><em>καίριλοτίμρι</em></span> <span class='ocrx_word' id='word_1_123' title='bbox 955 1747 1061 1836; x_wconf 75' lang='grc' dir='ltr'><em>γνώμῃ</em></span> <span class='ocrx_word' id='word_1_124' title='bbox 1096 1751 1152 1813; x_wconf 83' lang='grc' dir='ltr'><em>καί</em></span> <span class='ocrx_word' id='word_1_125' title='bbox 1170 1745 1260 1832; x_wconf 78' lang='grc' dir='ltr'><em>χειρί</em></span> 
     </span>
     <span class='ocr_line' id='line_1_16' title="bbox 121 1839 1259 1932; baseline 0.001 -23"><span class='ocrx_word' id='word_1_126' title='bbox 121 1840 342 1932; x_wconf 78' lang='grc' dir='ltr'><em>ι5φιλοίάρρι</em></span> <span class='ocrx_word' id='word_1_127' title='bbox 360 1842 441 1928; x_wconf 77' lang='grc' dir='ltr'><em>πρὸς</em></span> <span class='ocrx_word' id='word_1_128' title='bbox 457 1839 599 1920; x_wconf 76' lang='grc' dir='ltr'><em>ἅπαντας</em></span> <span class='ocrx_word' id='word_1_129' title='bbox 619 1843 800 1929; x_wconf 79' lang='grc' dir='ltr'><em>χριόμενον,</em></span> <span class='ocrx_word' id='word_1_130' title='bbox 822 1843 898 1922; x_wconf 80' lang='grc' dir='ltr'><em>ἴσως</em></span> <span class='ocrx_word' id='word_1_131' title='bbox 920 1850 956 1912; x_wconf 73' lang='grc' dir='ltr'><strong>δὲ</strong></span> <span class='ocrx_word' id='word_1_132' title='bbox 976 1851 1031 1912; x_wconf 87' lang='grc' dir='ltr'><em>καί</em></span> <span class='ocrx_word' id='word_1_133' title='bbox 1052 1849 1111 1910; x_wconf 81' lang='grc' dir='ltr'><em>τοῦ</em></span> <span class='ocrx_word' id='word_1_134' title='bbox 1122 1846 1259 1931; x_wconf 78' lang='grc' dir='ltr'><em>προσόν·</em></span> 
     </span>
     <span class='ocr_line' id='line_1_17' title="bbox 169 1937 1287 2032; baseline 0.002 -24"><span class='ocrx_word' id='word_1_135' title='bbox 169 1967 225 2017; x_wconf 87' lang='grc' dir='ltr'><strong>τσς</strong></span> <span class='ocrx_word' id='word_1_136' title='bbox 251 1937 339 2029; x_wconf 69' lang='lat' dir='ltr'><strong>stirpi</strong></span> <span class='ocrx_word' id='word_1_137' title='bbox 367 1938 505 2008; x_wconf 82' lang='grc' dir='ltr'><em>πλσάτου</em></span> <span class='ocrx_word' id='word_1_138' title='bbox 536 1939 712 2030; x_wconf 75' lang='grc' dir='ltr'><em>ὖποτάφων</em></span> <span class='ocrx_word' id='word_1_139' title='bbox 739 1942 868 2032; x_wconf 74' lang='grc' dir='ltr'><em>ἔφεσιν,</em></span> <span class='ocrx_word' id='word_1_140' title='bbox 898 1941 1113 2028; x_wconf 76' lang='grc' dir='ltr'><em>συλλαμβάνει</em></span> <span class='ocrx_word' id='word_1_141' title='bbox 1142 1946 1287 2010; x_wconf 66' lang='lat' dir='ltr'><strong>aaaron</strong></span> 
     </span>
     <span class='ocr_line' id='line_1_18' title="bbox 169 2039 1258 2132; baseline 0.002 -26"><span class='ocrx_word' id='word_1_142' title='bbox 169 2039 292 2125; x_wconf 76' lang='grc' dir='ltr'><em>διάγων</em></span> <span class='ocrx_word' id='word_1_143' title='bbox 312 2043 346 2107; x_wconf 82' lang='grc' dir='ltr'><strong>ἐν</strong></span> <span class='ocrx_word' id='word_1_144' title='bbox 360 2045 513 2130; x_wconf 78' lang='grc' dir='ltr'><em>Σαρδικῇ,</em></span> <span class='ocrx_word' id='word_1_145' title='bbox 541 2043 636 2129; x_wconf 76' lang='grc' dir='ltr'><em>μήπω</em></span> <span class='ocrx_word' id='word_1_146' title='bbox 663 2041 923 2128; x_wconf 83' lang='grc' dir='ltr'><em>ε’πιῳαυσκοάσης</em></span> <span class='ocrx_word' id='word_1_147' title='bbox 944 2041 1080 2128; x_wconf 77' lang='grc' dir='ltr'><em>ἡμέρας,</em></span> <span class='ocrx_word' id='word_1_148' title='bbox 1099 2046 1138 2132; x_wconf 76' lang='grc' dir='ltr'><em>τῇ</em></span> <span class='ocrx_word' id='word_1_149' title='bbox 1159 2045 1258 2132; x_wconf 82' lang='grc' dir='ltr'><em>οἰκείηι</em></span> 
     </span>
     <span class='ocr_line' id='line_1_19' title="bbox 169 2135 1258 2226; baseline 0.002 -20"><span class='ocrx_word' id='word_1_150' title='bbox 169 2141 218 2206; x_wconf 78' lang='grc' dir='ltr'><strong>ἔτι</strong></span> <span class='ocrx_word' id='word_1_151' title='bbox 241 2141 524 2224; x_wconf 72' lang='grc' dir='ltr'><em>συγκατακειμενυν</em></span> <span class='ocrx_word' id='word_1_152' title='bbox 565 2141 763 2226; x_wconf 75' lang='grc' dir='ltr'><em>ὁμευνέτιάι,</em></span> <span class='ocrx_word' id='word_1_153' title='bbox 793 2145 848 2208; x_wconf 84' lang='grc' dir='ltr'><em>καί</em></span> <span class='ocrx_word' id='word_1_154' title='bbox 880 2144 921 2207; x_wconf 83' lang='grc' dir='ltr'><strong>ου’</strong></span> <span class='ocrx_word' id='word_1_155' title='bbox 941 2141 1038 2225; x_wconf 84' lang='grc' dir='ltr'><em>μόνον</em></span> <span class='ocrx_word' id='word_1_156' title='bbox 1067 2145 1129 2209; x_wconf 76' lang='grc' dir='ltr'><em>τῶν</em></span> <span class='ocrx_word' id='word_1_157' title='bbox 1158 2135 1258 2208; x_wconf 81' lang='grc' dir='ltr'><em>άντων</em></span> 
     </span>
     <span class='ocr_line' id='line_1_20' title="bbox 157 2229 1259 2330; baseline 0.002 -24"><span class='ocrx_word' id='word_1_158' title='bbox 157 2229 322 2306; x_wconf 75' lang='grc' dir='ltr'><strong>Ισῖιιιίντισν</strong></span> <span class='ocrx_word' id='word_1_159' title='bbox 341 2240 529 2324; x_wconf 73' lang='grc' dir='ltr'><em>ἀπογυμνοῖ,</em></span> <span class='ocrx_word' id='word_1_160' title='bbox 550 2236 631 2307; x_wconf 65' lang='lat' dir='ltr'><strong>tate</strong></span> <span class='ocrx_word' id='word_1_161' title='bbox 663 2246 718 2308; x_wconf 89' lang='grc' dir='ltr'><em>καί</em></span> <span class='ocrx_word' id='word_1_162' title='bbox 737 2243 783 2319; x_wconf 87' lang='grc' dir='ltr'><em>είς</em></span> <span class='ocrx_word' id='word_1_163' title='bbox 805 2241 947 2326; x_wconf 83' lang='grc' dir='ltr'><em>μοναχὸν</em></span> <span class='ocrx_word' id='word_1_164' title='bbox 968 2243 1136 2330; x_wconf 71' lang='grc' dir='ltr'><em>ἀποκείρας</em></span> <span class='ocrx_word' id='word_1_165' title='bbox 1156 2245 1190 2310; x_wconf 79' lang='grc' dir='ltr'><strong>ἕν</strong></span> <span class='ocrx_word' id='word_1_166' title='bbox 1210 2237 1259 2308; x_wconf 75' lang='grc' dir='ltr'><strong>ἑνί</strong></span> 
     </span>
     <span class='ocr_line' id='line_1_21' title="bbox 117 2334 1255 2430; baseline 0.002 -22"><span class='ocrx_word' id='word_1_167' title='bbox 117 2344 235 2408; x_wconf 72' lang='lat' dir='ltr'><strong>noreio</strong></span> <span class='ocrx_word' id='word_1_168' title='bbox 263 2337 345 2406; x_wconf 88' lang='grc' dir='ltr'><em>κατά</em></span> <span class='ocrx_word' id='word_1_169' title='bbox 380 2338 416 2404; x_wconf 85' lang='grc' dir='ltr'><em>τά</em></span> <span class='ocrx_word' id='word_1_170' title='bbox 446 2341 620 2407; x_wconf 72' lang='grc' dir='ltr'><em>Παπίνιον</em></span> <span class='ocrx_word' id='word_1_171' title='bbox 651 2334 725 2428; x_wconf 82' lang='grc' dir='ltr'><em>άρος</em></span> <span class='ocrx_word' id='word_1_172' title='bbox 754 2347 1005 2429; x_wconf 83' lang='grc' dir='ltr'><em>φροντιστηρίανν</em></span> <span class='ocrx_word' id='word_1_173' title='bbox 1031 2351 1255 2430; x_wconf 79' lang='grc' dir='ltr'><em>παραρριπτεϊ.</em></span> 
     </span>
     <span class='ocr_line' id='line_1_22' title="bbox 168 2433 1255 2529; baseline 0.004 -23"><span class='ocrx_word' id='word_1_174' title='bbox 168 2443 224 2506; x_wconf 75' lang='grc' dir='ltr'><em>ἵνα</em></span> <span class='ocrx_word' id='word_1_175' title='bbox 254 2442 291 2505; x_wconf 78' lang='grc' dir='ltr'><strong>δὲ</strong></span> <span class='ocrx_word' id='word_1_176' title='bbox 308 2437 353 2524; x_wconf 73' lang='grc' dir='ltr'><strong>μη</strong></span> <span class='ocrx_word' id='word_1_177' title='bbox 380 2433 458 2529; x_wconf 59' lang='lat' dir='ltr'><strong>fieb</strong></span> <span class='ocrx_word' id='word_1_178' title='bbox 490 2446 637 2528; x_wconf 81' lang='grc' dir='ltr'><em>πραχθὲν</em></span> <span class='ocrx_word' id='word_1_179' title='bbox 667 2444 907 2529; x_wconf 74' lang='grc' dir='ltr'><em>ἀπροφάσιστον</em></span> <span class='ocrx_word' id='word_1_180' title='bbox 935 2442 992 2508; x_wconf 87' lang='grc' dir='ltr'><em>καί</em></span> <span class='ocrx_word' id='word_1_181' title='bbox 1019 2447 1181 2528; x_wconf 79' lang='grc' dir='ltr'><em>προῦπτον</em></span> <span class='ocrx_word' id='word_1_182' title='bbox 1201 2441 1255 2510; x_wconf 76' lang='grc' dir='ltr'><em>διά</em></span> 
     </span>
     <span class='ocr_line' id='line_1_23' title="bbox 167 2537 1256 2629; baseline 0.001 -24"><span class='ocrx_word' id='word_1_183' title='bbox 167 2543 262 2605; x_wconf 76' lang='grc' dir='ltr'><em>τοῦτο</em></span> <span class='ocrx_word' id='word_1_184' title='bbox 288 2537 323 2605; x_wconf 84' lang='grc' dir='ltr'><em>τὸ</em></span> <span class='ocrx_word' id='word_1_185' title='bbox 359 2539 527 2622; x_wconf 78' lang='grc' dir='ltr'><em>βασιλικὸν</em></span> <span class='ocrx_word' id='word_1_186' title='bbox 559 2539 699 2626; x_wconf 72' lang='grc' dir='ltr'><em>άδικημά</em></span> <span class='ocrx_word' id='word_1_187' title='bbox 720 2566 755 2608; x_wconf 86' lang='grc' dir='ltr'><strong>τε</strong></span> <span class='ocrx_word' id='word_1_188' title='bbox 787 2541 849 2612; x_wconf 90' lang='grc' dir='ltr'><strong>καίΙ</strong></span> <span class='ocrx_word' id='word_1_189' title='bbox 863 2537 1090 2629; x_wconf 87' lang='grc' dir='ltr'><em>άσχημόνημα,</em></span> <span class='ocrx_word' id='word_1_190' title='bbox 1112 2540 1142 2608; x_wconf 78' lang='grc' dir='ltr'><strong>οἱ</strong></span> <span class='ocrx_word' id='word_1_191' title='bbox 1162 2565 1256 2609; x_wconf 88' lang='grc' dir='ltr'><em>συκο-</em></span> 
     </span>
     <span class='ocr_line' id='line_1_24' title="bbox 171 2634 1259 2729; baseline 0.002 -25"><span class='ocrx_word' id='word_1_192' title='bbox 171 2639 292 2726; x_wconf 81' lang='grc' dir='ltr'><em>φάνται</em></span> <span class='ocrx_word' id='word_1_193' title='bbox 312 2643 460 2726; x_wconf 83' lang='grc' dir='ltr'><em>παρῆσαν</em></span> <span class='ocrx_word' id='word_1_194' title='bbox 479 2638 572 2724; x_wconf 60' lang='lat' dir='ltr'><strong>byrig</strong></span> <span class='ocrx_word' id='word_1_195' title='bbox 590 2641 760 2728; x_wconf 73' lang='grc' dir='ltr'><em>άφειμένοι</em></span> <span class='ocrx_word' id='word_1_196' title='bbox 779 2645 852 2729; x_wconf 84' lang='grc' dir='ltr'><em>παρ’</em></span> <span class='ocrx_word' id='word_1_197' title='bbox 874 2634 920 2708; x_wconf 73' lang='grc' dir='ltr'><em>τάν</em></span> <span class='ocrx_word' id='word_1_198' title='bbox 940 2641 1182 2728; x_wconf 74' lang='grc' dir='ltr'><em>ὑπεβλήθησαν,</em></span> <span class='ocrx_word' id='word_1_199' title='bbox 1204 2643 1259 2706; x_wconf 87' lang='grc' dir='ltr'><em>καί</em></span> 
     </span>
     <span class='ocr_line' id='line_1_25' title="bbox 168 2733 1259 2825; baseline 0.004 -23"><span class='ocrx_word' id='word_1_200' title='bbox 168 2747 309 2825; x_wconf 79' lang='grc' dir='ltr'><em>γοητεῖαι</em></span> <span class='ocrx_word' id='word_1_201' title='bbox 329 2737 407 2804; x_wconf 85' lang='grc' dir='ltr'><em>κατά</em></span> <span class='ocrx_word' id='word_1_202' title='bbox 428 2743 585 2824; x_wconf 77' lang='grc' dir='ltr'><em>βασιλέως</em></span> <span class='ocrx_word' id='word_1_203' title='bbox 604 2738 644 2806; x_wconf 88' lang='grc' dir='ltr'><em>τά</em></span> <span class='ocrx_word' id='word_1_204' title='bbox 658 2742 831 2825; x_wconf 77' lang='grc' dir='ltr'><em>αἰτιάματα</em></span> <span class='ocrx_word' id='word_1_205' title='bbox 853 2733 941 2808; x_wconf 71' lang='lat' dir='ltr'><strong>oinos</strong></span> <span class='ocrx_word' id='word_1_206' title='bbox 962 2744 1047 2808; x_wconf 87' lang='grc' dir='ltr'><em>πάνυ</em></span> <span class='ocrx_word' id='word_1_207' title='bbox 1067 2768 1100 2809; x_wconf 88' lang='grc' dir='ltr'><strong>τι</strong></span> <span class='ocrx_word' id='word_1_208' title='bbox 1120 2739 1259 2806; x_wconf 79' lang='grc' dir='ltr'><em>πιθαναί</em></span> 
     </span>
    </p>
   </div>
   <div class='ocr_carea' id='block_1_3' title="bbox 240 2887 1257 3101">
    <p class='ocr_par' dir='ltr' id='par_1_3' title="bbox 240 2887 1257 3101">
     <span class='ocr_line' id='line_1_26' title="bbox 243 2887 1257 2964; baseline -0.001 -20"><span class='ocrx_word' id='word_1_209' title='bbox 243 2893 281 2944; x_wconf 80' lang='grc'><strong>15.</strong></span> <span class='ocrx_word' id='word_1_210' title='bbox 298 2888 427 2948; x_wconf 78' lang='grc' dir='ltr'><em>ἅπαντας</em></span> <span class='ocrx_word' id='word_1_211' title='bbox 444 2907 487 2942; x_wconf 91' lang='lat' dir='ltr'><strong>om</strong></span> <span class='ocrx_word' id='word_1_212' title='bbox 503 2891 534 2944; x_wconf 81' lang='lat' dir='ltr'><strong>A.</strong></span> <span class='ocrx_word' id='word_1_213' title='bbox 613 2893 652 2945; x_wconf 81' lang='grc' dir='ltr'><em>ιδ.</em></span> <span class='ocrx_word' id='word_1_214' title='bbox 670 2891 894 2964; x_wconf 79' lang='grc' dir='ltr'><em>συλλαμβάνεται</em></span> <span class='ocrx_word' id='word_1_215' title='bbox 913 2893 942 2944; x_wconf 84' lang='grc' dir='ltr'><strong>Α.</strong></span> <span class='ocrx_word' id='word_1_216' title='bbox 1036 2907 1073 2960; x_wconf 74' lang='lat'><strong>17.</strong></span> <span class='ocrx_word' id='word_1_217' title='bbox 1093 2887 1257 2962; x_wconf 72' lang='grc' dir='ltr'><em>ἐπιῳαυσά·</em></span> 
     </span>
     <span class='ocr_line' id='line_1_27' title="bbox 240 2959 1257 3035; baseline -0.001 -22"><span class='ocrx_word' id='word_1_218' title='bbox 240 2973 289 3025; x_wconf 78' lang='grc' dir='ltr'><em>σης</em></span> <span class='ocrx_word' id='word_1_219' title='bbox 305 2963 334 3013; x_wconf 80' lang='grc' dir='ltr'><strong>Α.</strong></span> <span class='ocrx_word' id='word_1_220' title='bbox 410 2965 448 3016; x_wconf 87' lang='grc' dir='ltr'><em>ι8.</em></span> <span class='ocrx_word' id='word_1_221' title='bbox 469 2963 767 3035; x_wconf 74' lang='grc' dir='ltr'><em>συγκατακλινόμενον</em></span> <span class='ocrx_word' id='word_1_222' title='bbox 784 2964 814 3016; x_wconf 79' lang='grc' dir='ltr'><strong>Α.</strong></span> <span class='ocrx_word' id='word_1_223' title='bbox 896 2979 934 3034; x_wconf 87' lang='lat'><strong>¹9·</strong></span> <span class='ocrx_word' id='word_1_224' title='bbox 953 2960 1118 3034; x_wconf 72' lang='grc' dir='ltr'><em>ἀποκείρας]</em></span> <span class='ocrx_word' id='word_1_225' title='bbox 1137 2959 1257 3031; x_wconf 82' lang='grc' dir='ltr'><em>κουρεί-</em></span> 
     </span>
     <span class='ocr_line' id='line_1_28' title="bbox 242 3029 897 3101; baseline 0.003 -19"><span class='ocrx_word' id='word_1_226' title='bbox 242 3045 294 3090; x_wconf 73' lang='lat' dir='ltr'><strong>aec</strong></span> <span class='ocrx_word' id='word_1_227' title='bbox 310 3032 340 3083; x_wconf 82' lang='lat' dir='ltr'><strong>B.</strong></span> <span class='ocrx_word' id='word_1_228' title='bbox 398 3033 441 3101; x_wconf 69' lang='lat'><strong>24.</strong></span> <span class='ocrx_word' id='word_1_229' title='bbox 460 3029 557 3085; x_wconf 77' lang='lat' dir='ltr'><strong>osiam?</strong></span> <span class='ocrx_word' id='word_1_230' title='bbox 891 3057 897 3074; x_wconf 71' lang='grc' dir='ltr'><em>ι</em></span> 
     </span>
    </p>
   </div>
   <div class='ocr_carea' id='block_1_4' title="bbox 161 3158 1258 4294">
    <p class='ocr_par' dir='ltr' id='par_1_4' title="bbox 161 3158 1258 4294">
     <span class='ocr_line' id='line_1_29' title="bbox 171 3158 1255 3232; baseline 0 -20"><span class='ocrx_word' id='word_1_231' title='bbox 171 3167 246 3223; x_wconf 84' lang='lat' dir='ltr'><strong>cent,</strong></span> <span class='ocrx_word' id='word_1_232' title='bbox 270 3169 302 3213; x_wconf 92' lang='lat' dir='ltr'><strong>ut</strong></span> <span class='ocrx_word' id='word_1_233' title='bbox 319 3161 372 3230; x_wconf 88' lang='lat' dir='ltr'><strong>ipsi</strong></span> <span class='ocrx_word' id='word_1_234' title='bbox 389 3161 441 3212; x_wconf 91' lang='lat' dir='ltr'><strong>soli</strong></span> <span class='ocrx_word' id='word_1_235' title='bbox 460 3170 548 3214; x_wconf 88' lang='lat' dir='ltr'><strong>metus</strong></span> <span class='ocrx_word' id='word_1_236' title='bbox 580 3170 609 3214; x_wconf 86' lang='lat' dir='ltr'><strong>et</strong></span> <span class='ocrx_word' id='word_1_237' title='bbox 628 3162 743 3232; x_wconf 87' lang='lat' dir='ltr'><strong>periculi</strong></span> <span class='ocrx_word' id='word_1_238' title='bbox 761 3169 886 3232; x_wconf 86' lang='lat' dir='ltr'><strong>expertes</strong></span> <span class='ocrx_word' id='word_1_239' title='bbox 903 3160 1014 3232; x_wconf 87' lang='lat' dir='ltr'><strong>publicu</strong></span> <span class='ocrx_word' id='word_1_240' title='bbox 1032 3158 1174 3228; x_wconf 77' lang='lat' dir='ltr'><strong>vectigalia</strong></span> <span class='ocrx_word' id='word_1_241' title='bbox 1193 3165 1255 3212; x_wconf 82' lang='lat' dir='ltr'><strong>tun·</strong></span> 
     </span>
     <span class='ocr_line' id='line_1_30' title="bbox 170 3231 1255 3302; baseline 0.003 -21"><span class='ocrx_word' id='word_1_242' title='bbox 170 3247 251 3300; x_wconf 85' lang='lat' dir='ltr'><strong>quam</strong></span> <span class='ocrx_word' id='word_1_243' title='bbox 269 3232 404 3300; x_wconf 83' lang='lat' dir='ltr'><strong>privatum</strong></span> <span class='ocrx_word' id='word_1_244' title='bbox 428 3233 622 3301; x_wconf 77' lang='lat' dir='ltr'><strong>patrimonium</strong></span> <span class='ocrx_word' id='word_1_245' title='bbox 647 3249 696 3302; x_wconf 91' lang='lat' dir='ltr'><strong>pro</strong></span> <span class='ocrx_word' id='word_1_246' title='bbox 715 3251 765 3286; x_wconf 87' lang='lat' dir='ltr'><strong>sua</strong></span> <span class='ocrx_word' id='word_1_247' title='bbox 781 3233 899 3285; x_wconf 82' lang='lat' dir='ltr'><strong>libidine</strong></span> <span class='ocrx_word' id='word_1_248' title='bbox 918 3231 1057 3284; x_wconf 81' lang='lat' dir='ltr'><strong>effundere</strong></span> <span class='ocrx_word' id='word_1_249' title='bbox 1075 3239 1104 3282; x_wconf 88' lang='lat' dir='ltr'><strong>et</strong></span> <span class='ocrx_word' id='word_1_250' title='bbox 1123 3231 1255 3298; x_wconf 81' lang='lat' dir='ltr'><strong>ingenuos</strong></span> 
     </span>
     <span class='ocr_line' id='line_1_31' title="bbox 169 3299 1257 3422; baseline 0.001 -69"><span class='ocrx_word' id='word_1_251' title='bbox 169 3302 294 3354; x_wconf 81' lang='lat' dir='ltr'><strong>homines</strong></span> <span class='ocrx_word' id='word_1_252' title='bbox 327 3320 376 3372; x_wconf 92' lang='lat' dir='ltr'><strong>pro</strong></span> <span class='ocrx_word' id='word_1_253' title='bbox 402 3304 545 3372; x_wconf 77' lang='lat' dir='ltr'><strong>mancipiis</strong></span> <span class='ocrx_word' id='word_1_254' title='bbox 569 3312 685 3356; x_wconf 86' lang='lat' dir='ltr'><strong>tractare</strong></span> <span class='ocrx_word' id='word_1_255' title='bbox 709 3305 835 3374; x_wconf 88' lang='lat' dir='ltr'><strong>possint,</strong></span> <span class='ocrx_word' id='word_1_256' title='bbox 862 3303 909 3372; x_wconf 86' lang='lat' dir='ltr'><strong>qui</strong></span> <span class='ocrx_word' id='word_1_257' title='bbox 940 3300 1088 3371; x_wconf 87' lang='lat' dir='ltr'><strong>aliquando</strong></span> <span class='ocrx_word' id='word_1_258' title='bbox 1108 3299 1173 3422; x_wconf 76' lang='lat' dir='ltr'><strong>ipsis</strong></span> <span class='ocrx_word' id='word_1_259' title='bbox 1192 3308 1257 3354; x_wconf 80' lang='lat' dir='ltr'><strong>sunt</strong></span> 
     </span>
     <span class='ocr_line' id='line_1_32' title="bbox 169 3371 1257 3444; baseline 0.001 -20"><span class='ocrx_word' id='word_1_260' title='bbox 169 3373 284 3441; x_wconf 90' lang='lat' dir='ltr'><strong>imperio</strong></span> <span class='ocrx_word' id='word_1_261' title='bbox 302 3373 447 3442; x_wconf 77' lang='lat' dir='ltr'><strong>digniores.</strong></span> <span class='ocrx_word' id='word_1_262' title='bbox 464 3375 503 3425; x_wconf 89' lang='lat' dir='ltr'><strong>ita</strong></span> <span class='ocrx_word' id='word_1_263' title='bbox 520 3375 661 3444; x_wconf 85' lang='lat' dir='ltr'><strong>potentiae</strong></span> <span class='ocrx_word' id='word_1_264' title='bbox 684 3375 822 3443; x_wconf 78' lang='lat' dir='ltr'><strong>fastigium</strong></span> <span class='ocrx_word' id='word_1_265' title='bbox 844 3373 1018 3444; x_wconf 85' lang='lat' dir='ltr'><strong>prudentium</strong></span> <span class='ocrx_word' id='word_1_266' title='bbox 1040 3371 1077 3424; x_wconf 88' lang='lat' dir='ltr'><strong>eis</strong></span> <span class='ocrx_word' id='word_1_267' title='bbox 1095 3387 1111 3421; x_wconf 86' lang='lat' dir='ltr'><strong>a</strong></span> <span class='ocrx_word' id='word_1_268' title='bbox 1132 3371 1210 3435; x_wconf 88' lang='lat' dir='ltr'><strong>imit,</strong></span> <span class='ocrx_word' id='word_1_269' title='bbox 1228 3378 1257 3425; x_wconf 89' lang='lat' dir='ltr'><strong>et</strong></span> 
     </span>
     <span class='ocr_line' id='line_1_33' title="bbox 168 3441 1257 3512; baseline 0.003 -19"><span class='ocrx_word' id='word_1_270' title='bbox 168 3443 301 3512; x_wconf 74' lang='lat' dir='ltr'><strong>pristinae</strong></span> <span class='ocrx_word' id='word_1_271' title='bbox 329 3443 496 3497; x_wconf 85' lang='lat' dir='ltr'><strong>conditionis</strong></span> <span class='ocrx_word' id='word_1_272' title='bbox 526 3445 639 3496; x_wconf 88' lang='lat' dir='ltr'><strong>stultam</strong></span> <span class='ocrx_word' id='word_1_273' title='bbox 658 3444 826 3496; x_wconf 87' lang='lat' dir='ltr'><strong>oblivionem</strong></span> <span class='ocrx_word' id='word_1_274' title='bbox 852 3447 937 3495; x_wconf 85' lang='lat' dir='ltr'><strong>affert.</strong></span> <span class='ocrx_word' id='word_1_275' title='bbox 960 3443 999 3495; x_wconf 83' lang='lat' dir='ltr'><strong>sic</strong></span> <span class='ocrx_word' id='word_1_276' title='bbox 1014 3441 1127 3495; x_wconf 83' lang='lat' dir='ltr'><strong>Manuel</strong></span> <span class='ocrx_word' id='word_1_277' title='bbox 1145 3458 1257 3512; x_wconf 85' lang='lat' dir='ltr'><strong>quoque</strong></span> 
     </span>
     <span class='ocr_line' id='line_1_34' title="bbox 168 3513 1257 3584; baseline 0.002 -20"><span class='ocrx_word' id='word_1_278' title='bbox 168 3530 230 3564; x_wconf 88' lang='lat' dir='ltr'><strong>cum</strong></span> <span class='ocrx_word' id='word_1_279' title='bbox 247 3514 283 3565; x_wconf 87' lang='lat' dir='ltr'><strong>ab</strong></span> <span class='ocrx_word' id='word_1_280' title='bbox 300 3516 398 3566; x_wconf 81' lang='lat' dir='ltr'><strong>Alexio</strong></span> <span class='ocrx_word' id='word_1_281' title='bbox 424 3523 621 3584; x_wconf 81' lang='lat' dir='ltr'><strong>protostratore</strong></span> <span class='ocrx_word' id='word_1_282' title='bbox 640 3516 716 3567; x_wconf 88' lang='lat' dir='ltr'><strong>nulla</strong></span> <span class='ocrx_word' id='word_1_283' title='bbox 736 3532 764 3566; x_wconf 88' lang='lat' dir='ltr'><strong>re</strong></span> <span class='ocrx_word' id='word_1_284' title='bbox 782 3522 854 3567; x_wconf 88' lang='lat' dir='ltr'><strong>esset</strong></span> <span class='ocrx_word' id='word_1_285' title='bbox 873 3517 990 3566; x_wconf 82' lang='lat' dir='ltr'><strong>offensus</strong></span> <span class='ocrx_word' id='word_1_286' title='bbox 1001 3551 1009 3577; x_wconf 90' lang='lat'><strong><em>,</em></strong></span> <span class='ocrx_word' id='word_1_287' title='bbox 1028 3530 1078 3565; x_wconf 83' lang='lat' dir='ltr'><strong>nee</strong></span> <span class='ocrx_word' id='word_1_288' title='bbox 1095 3513 1153 3564; x_wconf 88' lang='lat' dir='ltr'><strong>eius</strong></span> <span class='ocrx_word' id='word_1_289' title='bbox 1174 3513 1257 3566; x_wconf 88' lang='lat' dir='ltr'><strong>tidem</strong></span> 
     </span>
     <span class='ocr_line' id='line_1_35' title="bbox 170 3585 1257 3654; baseline 0.001 -19"><span class='ocrx_word' id='word_1_290' title='bbox 170 3591 200 3636; x_wconf 91' lang='lat' dir='ltr'><strong>et</strong></span> <span class='ocrx_word' id='word_1_291' title='bbox 225 3585 446 3638; x_wconf 77' lang='lat' dir='ltr'><strong>benevolentiam</strong></span> <span class='ocrx_word' id='word_1_292' title='bbox 470 3585 625 3638; x_wconf 85' lang='lat' dir='ltr'><strong>desiderare</strong></span> <span class='ocrx_word' id='word_1_293' title='bbox 651 3595 760 3654; x_wconf 88' lang='lat' dir='ltr'><strong>posset,</strong></span> <span class='ocrx_word' id='word_1_294' title='bbox 785 3594 944 3638; x_wconf 81' lang='lat' dir='ltr'><strong>octennem</strong></span> <span class='ocrx_word' id='word_1_295' title='bbox 964 3600 1013 3654; x_wconf 87' lang='lat' dir='ltr'><strong>pro</strong></span> <span class='ocrx_word' id='word_1_296' title='bbox 1032 3585 1135 3639; x_wconf 80' lang='lat' dir='ltr'><strong>meritis</strong></span> <span class='ocrx_word' id='word_1_297' title='bbox 1151 3585 1176 3635; x_wconf 87' lang='lat' dir='ltr'><strong>ei</strong></span> <span class='ocrx_word' id='word_1_298' title='bbox 1196 3601 1257 3652; x_wconf 82' lang='lat' dir='ltr'><strong>gra-</strong></span> 
     </span>
     <span class='ocr_line' id='line_1_36' title="bbox 167 3653 1257 3726; baseline 0.002 -20"><span class='ocrx_word' id='word_1_299' title='bbox 167 3655 236 3706; x_wconf 86' lang='lat' dir='ltr'><strong>tiam</strong></span> <span class='ocrx_word' id='word_1_300' title='bbox 253 3657 409 3719; x_wconf 75' lang='lat' dir='ltr'><strong>retulisset,</strong></span> <span class='ocrx_word' id='word_1_301' title='bbox 436 3656 494 3708; x_wconf 91' lang='lat' dir='ltr'><strong>sola</strong></span> <span class='ocrx_word' id='word_1_302' title='bbox 516 3658 672 3726; x_wconf 73' lang='lat' dir='ltr'><strong>suspicione</strong></span> <span class='ocrx_word' id='word_1_303' title='bbox 702 3656 835 3708; x_wconf 88' lang='lat' dir='ltr'><strong>adductus</strong></span> <span class='ocrx_word' id='word_1_304' title='bbox 865 3663 894 3708; x_wconf 85' lang='lat' dir='ltr'><strong>et</strong></span> <span class='ocrx_word' id='word_1_305' title='bbox 912 3656 1096 3726; x_wconf 88' lang='lat' dir='ltr'><strong>improborum</strong></span> <span class='ocrx_word' id='word_1_306' title='bbox 1115 3653 1257 3708; x_wconf 86' lang='lat' dir='ltr'><strong>hominum</strong></span> 
     </span>
     <span class='ocr_line' id='line_1_37' title="bbox 169 3725 1258 3796; baseline 0.002 -20"><span class='ocrx_word' id='word_1_307' title='bbox 169 3725 314 3780; x_wconf 82' lang='lat' dir='ltr'><strong>calumniis</strong></span> <span class='ocrx_word' id='word_1_308' title='bbox 332 3727 481 3796; x_wconf 87' lang='lat' dir='ltr'><strong>impulsus,</strong></span> <span class='ocrx_word' id='word_1_309' title='bbox 501 3728 566 3796; x_wconf 91' lang='lat' dir='ltr'><strong>quia</strong></span> <span class='ocrx_word' id='word_1_310' title='bbox 584 3745 646 3779; x_wconf 89' lang='lat' dir='ltr'><strong>eum</strong></span> <span class='ocrx_word' id='word_1_311' title='bbox 657 3735 685 3778; x_wconf 90' lang='lat' dir='ltr'><strong>et</strong></span> <span class='ocrx_word' id='word_1_312' title='bbox 695 3727 811 3779; x_wconf 87' lang='lat' dir='ltr'><strong>ducibus</strong></span> <span class='ocrx_word' id='word_1_313' title='bbox 829 3735 858 3779; x_wconf 87' lang='lat' dir='ltr'><strong>et</strong></span> <span class='ocrx_word' id='word_1_314' title='bbox 875 3727 1009 3779; x_wconf 76' lang='lat' dir='ltr'><strong>militibus</strong></span> <span class='ocrx_word' id='word_1_315' title='bbox 1028 3741 1087 3778; x_wconf 84' lang='lat' dir='ltr'><strong>esse</strong></span> <span class='ocrx_word' id='word_1_316' title='bbox 1105 3741 1196 3778; x_wconf 86' lang='lat' dir='ltr'><strong>carum</strong></span> <span class='ocrx_word' id='word_1_317' title='bbox 1214 3727 1258 3778; x_wconf 85' lang='lat' dir='ltr'><strong>vi-</strong></span> 
     </span>
     <span class='ocr_line' id='line_1_38' title="bbox 169 3795 1258 3868; baseline 0.001 -20"><span class='ocrx_word' id='word_1_318' title='bbox 169 3795 254 3848; x_wconf 89' lang='lat' dir='ltr'><strong>debat</strong></span> <span class='ocrx_word' id='word_1_319' title='bbox 280 3806 310 3849; x_wconf 89' lang='lat' dir='ltr'><strong>et</strong></span> <span class='ocrx_word' id='word_1_320' title='bbox 333 3797 501 3849; x_wconf 83' lang='lat' dir='ltr'><strong>liberalitate</strong></span> <span class='ocrx_word' id='word_1_321' title='bbox 520 3814 581 3867; x_wconf 83' lang='lat' dir='ltr'><strong>erga</strong></span> <span class='ocrx_word' id='word_1_322' title='bbox 599 3815 693 3850; x_wconf 85' lang='lat' dir='ltr'><strong>omnes</strong></span> <span class='ocrx_word' id='word_1_323' title='bbox 711 3799 770 3861; x_wconf 90' lang='lat' dir='ltr'><strong>uti,</strong></span> <span class='ocrx_word' id='word_1_324' title='bbox 799 3815 954 3868; x_wconf 88' lang='lat' dir='ltr'><strong>quanquam</strong></span> <span class='ocrx_word' id='word_1_325' title='bbox 972 3798 1094 3851; x_wconf 74' lang='lat' dir='ltr'><strong>ionariis</strong></span> <span class='ocrx_word' id='word_1_326' title='bbox 1113 3797 1196 3848; x_wconf 81' lang='lat' dir='ltr'><strong>etiam</strong></span> <span class='ocrx_word' id='word_1_327' title='bbox 1214 3795 1258 3849; x_wconf 88' lang='lat' dir='ltr'><strong>di-</strong></span> 
     </span>
     <span class='ocr_line' id='line_1_39' title="bbox 167 3867 1257 3937; baseline 0.001 -18"><span class='ocrx_word' id='word_1_328' title='bbox 167 3867 249 3919; x_wconf 81' lang='lat' dir='ltr'><strong>vitias</strong></span> <span class='ocrx_word' id='word_1_329' title='bbox 269 3869 329 3920; x_wconf 84' lang='lat' dir='ltr'><strong>eius</strong></span> <span class='ocrx_word' id='word_1_330' title='bbox 347 3869 416 3920; x_wconf 85' lang='lat' dir='ltr'><strong>clam</strong></span> <span class='ocrx_word' id='word_1_331' title='bbox 434 3867 590 3937; x_wconf 84' lang='lat' dir='ltr'><strong>appetebat,</strong></span> <span class='ocrx_word' id='word_1_332' title='bbox 608 3869 735 3922; x_wconf 78' lang='lat' dir='ltr'><strong>sardicae</strong></span> <span class='ocrx_word' id='word_1_333' title='bbox 753 3885 834 3937; x_wconf 86' lang='lat' dir='ltr'><strong>agens</strong></span> <span class='ocrx_word' id='word_1_334' title='bbox 854 3868 990 3921; x_wconf 87' lang='lat' dir='ltr'><strong>hominem</strong></span> <span class='ocrx_word' id='word_1_335' title='bbox 1008 3877 1071 3921; x_wconf 88' lang='lat' dir='ltr'><strong>ante</strong></span> <span class='ocrx_word' id='word_1_336' title='bbox 1089 3868 1178 3919; x_wconf 85' lang='lat' dir='ltr'><strong>lucem</strong></span> <span class='ocrx_word' id='word_1_337' title='bbox 1196 3883 1257 3920; x_wconf 86' lang='lat' dir='ltr'><strong>cnm</strong></span> 
     </span>
     <span class='ocr_line' id='line_1_40' title="bbox 167 3937 1257 4010; baseline 0.003 -23"><span class='ocrx_word' id='word_1_338' title='bbox 167 3951 253 3990; x_wconf 81' lang='lat' dir='ltr'><strong>uxore</strong></span> <span class='ocrx_word' id='word_1_339' title='bbox 273 3955 322 3990; x_wconf 83' lang='lat' dir='ltr'><strong>sua</strong></span> <span class='ocrx_word' id='word_1_340' title='bbox 341 3939 485 3991; x_wconf 80' lang='lat' dir='ltr'><strong>cubantem</strong></span> <span class='ocrx_word' id='word_1_341' title='bbox 511 3939 735 4010; x_wconf 87' lang='lat' dir='ltr'><strong>comprehendit,</strong></span> <span class='ocrx_word' id='word_1_342' title='bbox 753 3947 783 3990; x_wconf 89' lang='lat' dir='ltr'><strong>et</strong></span> <span class='ocrx_word' id='word_1_343' title='bbox 800 3939 926 3992; x_wconf 87' lang='lat' dir='ltr'><strong>omnibus</strong></span> <span class='ocrx_word' id='word_1_344' title='bbox 945 3939 1043 4010; x_wconf 90' lang='lat' dir='ltr'><strong>opibus</strong></span> <span class='ocrx_word' id='word_1_345' title='bbox 1062 3937 1207 3990; x_wconf 84' lang='lat' dir='ltr'><strong>multotum</strong></span> <span class='ocrx_word' id='word_1_346' title='bbox 1227 3938 1257 3990; x_wconf 89' lang='lat' dir='ltr'><strong>iu</strong></span> 
     </span>
     <span class='ocr_line' id='line_1_41' title="bbox 168 4008 1258 4081; baseline 0.002 -23"><span class='ocrx_word' id='word_1_347' title='bbox 168 4010 362 4062; x_wconf 81' lang='lat' dir='ltr'><strong>monesterium</strong></span> <span class='ocrx_word' id='word_1_348' title='bbox 386 4009 525 4080; x_wconf 81' lang='lat' dir='ltr'><strong>quoddam</strong></span> <span class='ocrx_word' id='word_1_349' title='bbox 544 4011 654 4081; x_wconf 83' lang='lat' dir='ltr'><strong>Papycii</strong></span> <span class='ocrx_word' id='word_1_350' title='bbox 684 4010 785 4062; x_wconf 89' lang='lat' dir='ltr'><strong>montis</strong></span> <span class='ocrx_word' id='word_1_351' title='bbox 804 4011 922 4063; x_wconf 90' lang='lat' dir='ltr'><strong>coniicit.</strong></span> <span class='ocrx_word' id='word_1_352' title='bbox 942 4027 977 4062; x_wconf 89' lang='lat' dir='ltr'><strong>ne</strong></span> <span class='ocrx_word' id='word_1_353' title='bbox 995 4019 1084 4062; x_wconf 89' lang='lat' dir='ltr'><strong>autem</strong></span> <span class='ocrx_word' id='word_1_354' title='bbox 1106 4009 1135 4060; x_wconf 87' lang='lat' dir='ltr'><strong>id</strong></span> <span class='ocrx_word' id='word_1_355' title='bbox 1151 4008 1258 4061; x_wconf 78' lang='lat' dir='ltr'><strong>lacinus</strong></span> 
     </span>
     <span class='ocr_line' id='line_1_42' title="bbox 166 4079 1258 4151; baseline 0 -22"><span class='ocrx_word' id='word_1_356' title='bbox 166 4081 329 4134; x_wconf 69' lang='lat' dir='ltr'><strong>manifestae</strong></span> <span class='ocrx_word' id='word_1_357' title='bbox 345 4081 464 4133; x_wconf 85' lang='lat' dir='ltr'><strong>iniuriae</strong></span> <span class='ocrx_word' id='word_1_358' title='bbox 481 4079 667 4142; x_wconf 84' lang='lat' dir='ltr'><strong>damnaretur,</strong></span> <span class='ocrx_word' id='word_1_359' title='bbox 696 4079 878 4150; x_wconf 82' lang='lat' dir='ltr'><strong>sycophantae</strong></span> <span class='ocrx_word' id='word_1_360' title='bbox 898 4089 1006 4151; x_wconf 84' lang='lat' dir='ltr'><strong>praesto</strong></span> <span class='ocrx_word' id='word_1_361' title='bbox 1024 4086 1116 4144; x_wconf 83' lang='lat' dir='ltr'><strong>erant,</strong></span> <span class='ocrx_word' id='word_1_362' title='bbox 1138 4079 1186 4149; x_wconf 90' lang='lat' dir='ltr'><strong>qui</strong></span> <span class='ocrx_word' id='word_1_363' title='bbox 1205 4079 1258 4130; x_wconf 88' lang='lat' dir='ltr'><strong>cri·</strong></span> 
     </span>
     <span class='ocr_line' id='line_1_43' title="bbox 167 4148 1256 4222; baseline 0 -21"><span class='ocrx_word' id='word_1_364' title='bbox 167 4151 236 4202; x_wconf 89' lang='lat' dir='ltr'><strong>mini</strong></span> <span class='ocrx_word' id='word_1_365' title='bbox 259 4151 358 4203; x_wconf 84' lang='lat' dir='ltr'><strong>darent</strong></span> <span class='ocrx_word' id='word_1_366' title='bbox 374 4167 436 4203; x_wconf 80' lang='lat' dir='ltr'><strong>eram</strong></span> <span class='ocrx_word' id='word_1_367' title='bbox 453 4152 564 4221; x_wconf 74' lang='lat' dir='ltr'><strong>magicis</strong></span> <span class='ocrx_word' id='word_1_368' title='bbox 580 4151 735 4222; x_wconf 75' lang='lat' dir='ltr'><strong>praestigiis</strong></span> <span class='ocrx_word' id='word_1_369' title='bbox 753 4153 944 4222; x_wconf 86' lang='lat' dir='ltr'><strong>imperatorem</strong></span> <span class='ocrx_word' id='word_1_370' title='bbox 964 4159 1074 4222; x_wconf 78' lang='lat' dir='ltr'><strong>petere3</strong></span> <span class='ocrx_word' id='word_1_371' title='bbox 1093 4165 1164 4220; x_wconf 86' lang='lat' dir='ltr'><strong>quas</strong></span> <span class='ocrx_word' id='word_1_372' title='bbox 1181 4148 1256 4201; x_wconf 87' lang='lat' dir='ltr'><strong>baud</strong></span> 
     </span>
     <span class='ocr_line' id='line_1_44' title="bbox 161 4220 1257 4294; baseline -0.002 -21"><span class='ocrx_word' id='word_1_373' title='bbox 161 4221 225 4276; x_wconf 73' lang='lat' dir='ltr'><strong>scio</strong></span> <span class='ocrx_word' id='word_1_374' title='bbox 253 4238 289 4276; x_wconf 80' lang='lat' dir='ltr'><strong>aa</strong></span> <span class='ocrx_word' id='word_1_375' title='bbox 311 4223 351 4276; x_wconf 83' lang='lat' dir='ltr'><strong>ita</strong></span> <span class='ocrx_word' id='word_1_376' title='bbox 370 4221 488 4275; x_wconf 82' lang='lat' dir='ltr'><strong>efficaces</strong></span> <span class='ocrx_word' id='word_1_377' title='bbox 519 4222 575 4276; x_wconf 87' lang='lat' dir='ltr'><strong>sint</strong></span> <span class='ocrx_word' id='word_1_378' title='bbox 603 4223 702 4294; x_wconf 88' lang='lat' dir='ltr'><strong>(sanae</strong></span> <span class='ocrx_word' id='word_1_379' title='bbox 726 4222 838 4294; x_wconf 85' lang='lat' dir='ltr'><strong>quidem</strong></span> <span class='ocrx_word' id='word_1_380' title='bbox 857 4240 935 4276; x_wconf 88' lang='lat' dir='ltr'><strong>aures</strong></span> <span class='ocrx_word' id='word_1_381' title='bbox 954 4221 988 4275; x_wconf 85' lang='lat' dir='ltr'><strong>ab</strong></span> <span class='ocrx_word' id='word_1_382' title='bbox 1010 4220 1165 4276; x_wconf 87' lang='lat' dir='ltr'><strong>istiusmodi</strong></span> <span class='ocrx_word' id='word_1_383' title='bbox 1184 4233 1257 4272; x_wconf 80' lang='lat' dir='ltr'><strong>eom-</strong></span> 
     </span>
    </p>
   </div>
   <div class='ocr_carea' id='block_1_5' title="bbox 0 0 1514 4892">
    <p class='ocr_par' dir='ltr' id='par_1_5' title="bbox 0 0 1514 4892">
     <span class='ocr_line' id='line_1_45' title="bbox 0 0 1514 4892; baseline 0 2"><span class='ocrx_word' id='word_1_384' title='bbox 0 0 1514 4892; x_wconf 95' lang='lat' dir='ltr'><strong> </strong></span> 
     </span>
    </p>
   </div>
  </div>
 </body>
</html>
