3017 4892
260 359 315 424 ne
343 352 491 422 semro
524 347 673 422 nmen
695 354 843 420 aneni
864 355 927 420 m.
948 357 1022 420 uo.
1044 359 1100 420 m.
1159 327 1248 437 669

160 509 317 593 Ἀγκύρας
335 507 496 590 σατράπης
511 505 701 585 ἐπικούρους
714 504 889 570 ἀπέσταλκε
908 509 1046 584 βασιλεῖ,
1069 499 1119 570 sim
1138 505 1194 570 καί
1212 503 1247 568 τό

165 610 225 689 μὲν
246 603 388 692 espissia
406 603 577 689 όρθόδοξον
590 605 696 669 πίστιν
716 601 803 687 ύγιὲς
822 606 876 666 κατ’
895 601 1093 687 θηρμότερον
1117 603 1172 672 τόν
1191 607 1248 686 βα·

167 709 259 771 σιλέα
281 705 488 787 ἐξελιπάρηοο
505 702 552 786 μή
572 705 778 787 συγχωρῆσαι
800 697 880 776 όλως
903 709 969 777 τοῖς
993 703 1142 784 Τούρκοις
1162 699 1249 768 αἴκα·
1282 753 1284 759 2

168 809 204 871 δε
224 803 414 887 ἀνθρώπους
432 809 624 885 μετενεγκεῖν
647 801 725 866 θεὸν
755 798 792 865 δν
810 801 900 885 ἡμεῖς
925 796 1141 883 πρεσβεύομεν
1160 807 1250 884 ocdo—
1259 809 1354 882 t'.269

139 902 160 974 5
167 905 288 986 μένους,
309 900 361 966 ἵνα
379 898 424 986 μὴ
440 899 496 986 τὴν
514 899 620 966 arbro
634 893 757 976 εἴκοντες
776 902 985 982 μεταθέμενοι
1005 900 1041 964 τό
1062 903 1152 963 θεῖον
1172 899 1253 966 κατὰ

167 1005 231 1069 τῶν
252 996 406 1066 ἐκδόντων
428 998 621 1082 εἰιμόνωσιν,
639 997 722 1091 oillei
740 997 778 1064 τό
799 1002 858 1080 μὲν
869 997 1033 1082 Βλαχικόν
1054 997 1255 1080 αἰχμάλωτον

167 1104 201 1178 ἐς
223 1096 376 1166 οἰκετικόν
402 1100 600 1183 ἀποδοθῆναι
616 1097 802 1179 Ῥωμαίοις,
835 1095 954 1174 αύτούς
984 1100 1018 1162 δὲ
1050 1094 1125 1172 τούς
1142 1119 1254 1180 χειρω-

167 1203 323 1282 σαμένους
334 1201 466 1282 Πέρσας
486 1199 763 1284 φιλοφρονηδῆναι
784 1197 964 1276 astruerem
985 1190 1110 1278 ἑτέραις
1130 1199 1255 1277 βασιλι-

168 1307 254 1375 καῖς·
299 1296 316 1362 ό
349 1297 385 1361 δὲ
417 1299 484 1362 ουδ’
514 1291 595 1372 όλως
625 1297 801 1363 ἐπένευσεν.
851 1297 922 1362 ἕποι’
948 1296 984 1362 δὲ
1014 1296 1070 1360 κατ’
1094 1297 1127 1370 ἐς
1157 1293 1255 1360 αότόν

123 1396 306 1487 τοέφθόκει
325 1393 382 1464 τόν
401 1395 583 1481 Πρόσακον,
601 1396 709 1477 βαλών
728 1399 797 1460 ἐκεῖ
810 1418 872 1460 που
894 1392 1081 1482 στρατήγιον
1101 1391 1179 1476 ἔγνω
1200 1398 1257 1460 τοῦ
1289 1403 1291 1413 “

67 1515 71 1522 “
168 1500 326 1586 φρουρίου
347 1497 464 1561 ου’τύια
484 1491 714 1577 respirarem.
755 1499 811 1560 κατ’
838 1487 879 1580 ἦν
901 1493 978 1580 ἔργα
998 1492 1076 1577 πρὸς
1093 1493 1258 1574 Ῥωμαίων

167 1599 338 1683 τηνικαῦτα
351 1591 527 1677 τελούμενα
543 1596 683 1660 κατιδεῖν
693 1597 822 1679 γέρατος
837 1593 890 1660 καί
900 1593 1065 1675 θαύματος
1076 1585 1161 1672 ἄξια·
1177 1591 1264 1676 ύπὲρ,

167 1696 229 1778 γὰρ
243 1697 373 1770 ε’λντίδας
386 1696 624 1778 διηγωνίσαντο.
635 1692 664 1756 οὶ
676 1691 809 1776 μὲνγὰρ
824 1697 953 1777 θυρεοῖς
965 1694 1020 1757 κατ’
1031 1700 1161 1776 γυμνοῖς
1174 1715 1259 1778 φρα-

169 1795 298 1876 ξάμενοι
317 1783 458 1877 ξδφεσιν,
480 1789 509 1852 οἱ
533 1792 569 1855 δὲ
588 1789 666 1866 τόξα
677 1789 734 1855 κατ’
744 1795 821 1878 βέλη
835 1794 983 1880 φέροντες
1005 1790 1079 1874 περὶ
1100 1789 1139 1856 τό
1163 1789 1354 1874 sindo-Mag

127 1889 208 1974 1512,
233 1879 292 1955 rosi
309 1891 465 1975 φρουρίου
486 1883 698 1970 οἷνερριχοόντο
716 1890 882 1976 γεώλοφα,
903 1889 1040 1964 καὶτοῖς
1062 1886 1125 1952 aiod
1147 1889 1259 1968 τειχῶν

171 1991 227 2053 κατ’
251 1991 307 2070 τῆς
336 1981 436 2070 όκρας
462 1986 654 2066 μαχομένοις
679 1987 935 2070 ἕπεγχριλττοντες
963 1985 1105 2068 ἔβαλλον.
1148 1973 1260 2064 α’μέλει
1284 2037 1288 2048 ,

171 2085 228 2150 κατ’
244 2082 326 2167 μετὰ
348 2079 489 2165 κόματον
512 2089 568 2148 καί
587 2081 685 2169 φόνον
711 2084 814 2151 πολύν
832 2089 1020 2170 ἐξέκρουσαν
1039 2085 1114 2162 τούς
1133 2083 1258 2168 βαρβό.

172 2207 250 2268 ρους
269 2187 328 2248 τοῦ
347 2184 628 2267 προτειγιλτματος,
656 2177 733 2269 όπερ
759 2182 975 2270 προφύλαγμα
996 2187 1058 2248 τῶν
1078 2185 1178 2250 ἐκεῖσε
1198 2209 1259 2248 πα-

172 2286 237 2348 λαῑν
266 2279 487 2372 ἐπῳκοδόμητο
506 2287 627 2347 νεωστί.
680 2273 763 2366 ἦσαν
786 2286 816 2348 δ’
837 2287 868 2349 οἳ
885 2286 939 2350 κατ’
958 2281 1012 2350 διό
1034 2285 1096 2350 τῶν
1115 2307 1259 2367 κρημνα-

127 2384 238 2447 οοδαῖν
256 2379 450 2462 ιίνιμοόμενοι
478 2381 602 2445 ἀνόδων
625 2374 821 2466 ἧκροβότουν
849 2383 894 2458 ὥς
915 2381 1083 2466 αἴγαγραι,
1104 2379 1261 2465 πετρούμε-

174 2504 222 2547 νοι
239 2484 388 2564 γενέσθαι
403 2477 478 2545 εἴσω
498 2483 612 2563 τειχοόν
629 2477 688 2547 κατ’
708 2479 788 2567 πρός
807 2481 908 2566 αύτὴν
927 2481 984 2567 τήν
1004 2473 1104 2566 ἄκραν
1119 2477 1259 2562 ἀναδρα-

173 2589 257 2661 μεῖν.
298 2579 365 2644 ἀλλ’
387 2572 438 2644 διε
455 2605 487 2644 τι
510 2581 659 2646 διανύσαι
679 2577 771 2665 ἔργον
791 2577 940 2669 alipium
959 2581 1117 2666 σωτήριόν
1137 2603 1169 2644 τε
1192 2577 1260 2660 ἅμα

174 2682 230 2743 κατ’
249 2679 414 2743 κάλλιστον
421 2727 432 2759 ,
463 2677 540 2755 τούς
562 2680 618 2743 int*
641 2683 705 2744 coir
724 2681 840 2762 τειχόόν
860 2673 1075 2764 ἀμυνομένους
1097 2677 1259 2763 τρεψόμε-

173 2798 224 2844 νοι
243 2775 297 2842 κατ’
315 2773 391 2842 εἴσω
403 2775 650 2860 συγκλείσαντες,
669 2774 742 2842 τότε
763 2779 888 2853 εἰκαίως
907 2774 1147 2857 διαπονούμενοι
1165 2773 1260 2857 ε”γνω-

126 2882 252 2949 τόσον·
294 2871 480 2962 αἰτήσαντες
507 2874 569 2963 γὰρ
591 2877 754 2954 σκαπόνας
784 2879 829 2952 εἰς
847 2873 906 2960 τὴν
926 2879 989 2942 τῶν
1009 2873 1184 2958 περιβόλων
1205 2885 1288 2937 xor-B

177 3112 223 3166 dei
242 3112 362 3165 cultores
383 3113 574 3183 imperatorem
601 3113 733 3166 obtestati
760 3121 823 3166 sunt
848 3129 883 3165 ne
909 3131 924 3165 a
948 3112 1045 3164 Turcis
1072 3109 1194 3163 homines
1213 3111 1260 3180 qui

178 3183 295 3235 eundern
315 3183 395 3234 eleum
416 3184 509 3235 colant
526 3199 607 3254 qsrem
625 3201 676 3235 nos
693 3201 898 3248 veneraremur,
918 3183 1016 3234 abduci
1037 3181 1193 3234 ullomodo
1213 3199 1263 3250 pa-

177 3261 298 3315 teretur,
314 3270 350 3304 ne
367 3254 525 3322 religionem
544 3254 670 3305 abiurare
686 3256 772 3306 coacti
786 3253 866 3306 deum
889 3262 980 3307 contra
997 3269 1043 3304 eos
1063 3271 1077 3303 n
1095 3251 1195 3322 quibus
1214 3251 1263 3302 de·

178 3321 231 3373 diti
250 3331 341 3374 essent
355 3323 530 3393 instigarent3
551 3325 600 3375 sed
617 3325 724 3375 Blachis
741 3325 770 3375 in
782 3327 961 3376 Romanorum
980 3323 1089 3374 seruitia
1110 3322 1264 3374 distributis

177 3393 291 3456 Persae,
309 3395 357 3462 qui
376 3410 422 3447 eos
441 3394 593 3462 cepissent,
613 3395 676 3445 aliis
695 3395 886 3462 largitionibus
907 3396 1087 3464 placarentur.
1104 3410 1196 3443 rerum
1216 3393 1263 3444 ille

176 3463 261 3533 plane
289 3464 391 3527 renuit3
421 3472 450 3515 et
467 3464 561 3514 castris
583 3462 618 3515 ad
634 3465 776 3516 Prosacum
800 3466 898 3534 positis
919 3465 1011 3516 statim
1034 3465 1263 3532 oppugnationem

177 3541 286 3585 tentare
313 3533 441 3584 instituit.
468 3549 500 3584 ac
516 3533 629 3584 llomani
649 3549 731 3602 opera
763 3535 883 3588 edebant
900 3537 1021 3603 praemio
1041 3544 1068 3585 et
1084 3535 1263 3586 admiratione

179 3603 278 3672 digna,
295 3619 370 3672 spem
393 3617 499 3654 ornnem
518 3605 658 3656 alacritate
671 3614 838 3674 superantes.
855 3623 917 3656 nam
938 3606 985 3656 alii
1005 3605 1099 3673 clipeis
1119 3613 1145 3656 et
1163 3606 1264 3657 strictis

179 3672 292 3726 ensibus
319 3674 435 3735 muniti,
465 3674 513 3725 alii
541 3691 617 3727 arens
643 3683 673 3726 et
697 3677 808 3744 sagittas
836 3685 971 3746 gestantes
994 3677 1020 3726 iu
1041 3675 1138 3727 arduos
1157 3675 1263 3726 castelli

178 3745 299 3796 tremulos
317 3744 486 3812 arrepebsnt,
499 3751 528 3796 et
536 3745 674 3796 moenium
694 3745 851 3799 defensores
862 3747 925 3798 lacti
937 3747 1076 3817 propiores
1088 3745 1264 3816 impetebant.

180 3813 300 3886 denique
311 3823 374 3884 post
384 3815 569 3883 fatigationem
582 3823 611 3868 et
620 3815 730 3868 caedem
741 3819 853 3870 multam
870 3817 999 3870 barbaros
1009 3819 1159 3869 munitione
1170 3833 1264 3868 recens

178 3887 265 3956 portis
284 3885 402 3939 obducta
423 3885 595 3955 depulerunt
621 3896 700 3939 erant
719 3889 801 3939 etiam
820 3889 868 3958 qni
888 3905 938 3959 per
962 3889 1124 3958 praecipites
1143 3888 1264 3940 tramites

179 3957 292 4009 mnibus
311 3973 370 4008 sese
385 3956 559 4018 attollentes,
577 3965 605 4008 et
623 3959 653 4008 in
670 3959 784 4028 rupibus
806 3959 892 4011 instar
909 3975 1062 4029 caprearum
1083 3959 1264 4022 haesitantes,

179 4029 289 4080 moenia
309 4027 501 4080 transcendere
519 4036 548 4080 et
566 4029 595 4079 in
615 4029 702 4097 ipsam
719 4046 807 4081 arcem
826 4029 939 4084 evadere
957 4031 1117 4086 niterentur.
1136 4028 1184 4080 sed
1205 4043 1265 4078 curn

181 4097 427 4169 propugnatoribus
446 4098 596 4167 profligatis
624 4108 652 4150 et
672 4101 700 4150 in
720 4101 860 4153 castellum
882 4102 1025 4171 compulsis
1043 4117 1073 4153 se
1091 4115 1145 4151 rem
1164 4097 1267 4150 saluta-

182 4185 237 4220 rem
264 4178 291 4221 et
317 4168 528 4238 pulcherrimam
558 4170 707 4222 coniecisse
730 4180 874 4244 putarent,
901 4180 960 4224 tum
978 4172 1085 4224 ‹lemum
1104 4170 1205 4221 laboris
1223 4167 1267 4218 sui

181 4241 327 4294 vanitatem
345 4240 550 4294 intellexerunt.
567 4257 628 4294 nam
646 4257 707 4294 cum
764 4259 829 4296 ones
847 4243 882 4296 ad
899 4244 1006 4297 moenia
1020 4237 1152 4296 diruenda
1172 4245 1267 4308 postu·
