3017 4892
273 347 332 462 84
594 366 769 432 breones:
797 366 1034 434 σιιοτιιιτιι

268 521 434 604 Ῥοομαιόιν
454 519 527 602 δόκη
541 520 601 599 μὲν
621 515 660 582 τά
677 517 789 602 πρῶτοι
803 515 1057 600 παρρησιάζεται
1071 513 1115 592 ιός
1136 515 1234 600 δῆθεν
1253 517 1358 594 κακιός

271 616 457 703 πασχόντων
489 619 602 682 τινοῖν·
659 609 728 680 εἶτα
750 617 867 692 ἐξωθεῖ
879 615 997 698 ταύτην
1017 613 1037 698 ἡ
1060 613 1276 700 φιλοτάραχος
1294 616 1358 681 τιῦν

271 721 395 786 πολλῦν
414 713 577 798 ἔνστασις,
602 717 657 778 καῖ
683 715 877 798 τραχύνεται
895 723 964 789 ταῖς
983 719 1085 795 βοαῖς.
1128 713 1260 790 ταύταις
1280 717 1361 800 epo·

271 825 390 902 μαρτεῖ
405 813 441 883 τό
467 813 731 898 παρρησιαστικόν
750 813 808 878 καῖ
826 809 1014 900 φιλόνεικον.
1055 811 1175 894 ὁπλίζει
1194 815 1286 878 τοῦτο
1303 812 1359 890 τὰς

271 925 385 1001 χεῖρας
406 917 452 990 εἰς
468 909 616 994 πόλεμον.
669 910 804 995 ἡἙναά
827 915 1002 999 ἐφέπετοιι,
1024 911 1155 997 καὶτῆς
1176 909 1386 990 Φαλόπιδος5

272 1017 506 1098 ξολλοβομένης
527 1012 546 1096 ἦ
565 1007 655 1096 μάχη
670 1015 822 1096 λαμπροῖς
845 1008 1028 1097 ἐκορδῦετο.
1070 1011 1225 1098 φιλαοξὴς
1245 1013 1281 1076 δέ
1301 1003 1358 1075 οῦ·

271 1139 315 1180 σα
334 1110 419 1199 αῦτη
449 1111 505 1178 καὶ
532 1112 586 1176 det
616 1114 680 1176 τεόν
708 1103 774 1175 άνω
797 1113 948 1196 ἐφιεμένη
977 1114 1095 1194 μικροῦ
1114 1114 1180 1176 δεῖν
1201 1106 1360 1196 ἐστήριξεν

272 1209 313 1278 άν
333 1211 369 1279 τό
401 1208 481 1297 κάρη
518 1211 551 1288 ἐς
581 1207 743 1295 ου’ρανόν,
777 1206 994 1293 χαμαιβάμοιν
1013 1203 1095 1276 οόσα
1115 1209 1156 1275 τά
1175 1211 1286 1294 πράσα
1306 1214 1362 1274 κατ’

269 1311 419 1395 χθόνιος,
442 1313 473 1376 εἰ
490 1306 536 1395 μὴ
560 1309 577 1372 ό
599 1305 710 1394 ῥηθεὶς
732 1305 925 1393 προφθάσας
948 1307 1116 1396 α’ρχιερεῦς
1136 1307 1189 1374 τόν
1208 1308 1292 1395 ῥῆχα
1313 1333 1362 1392 γι·

271 1408 401 1491 νόμενον
421 1405 484 1494 η’δη
515 1413 749 1493 τιαλῖνστροφον
772 1405 826 1472 κατ’
845 1407 983 1490 πόλεμον
1001 1412 1132 1475 πνέοντα
1152 1417 1216 1484 τοῖς
1236 1411 1362 1487 οἰκείοις
1374 1435 1410 1478 ιο

271 1506 470 1592 θελκτηριόις
490 1507 651 1588 ἐμάλθαξε
672 1509 728 1571 καῖ
747 1508 876 1590 ἠρεμεῖν
896 1507 1043 1573 άνέπεισε
1063 1506 1152 1593 παρά
1174 1506 1280 1589 δόξαν,
1302 1502 1362 1573 όσα

178 1661 181 1664 .
272 1605 328 1672 καὶ
357 1611 444 1691 θῆρα
474 1603 654 1688 βασιλικόν,
685 1597 712 1694 ᾧ
741 1607 803 1688 οῦχ
838 1610 935 1672 ἕωλον
952 1608 989 1671 τό
1009 1603 1167 1690 ἐστιἀμα,
1187 1610 1226 1696 τῇ
1247 1605 1363 1694 άλκοιόςι

192 1701 529 1790 Ρ.43ῦπονοσσόμενον
567 1707 623 1770 κατ’
653 1702 733 1788 πρός
766 1702 895 1786 ἅλματα
928 1705 1190 1791 διερεθιζόμενον.
1238 1705 1308 1770 ἐπεὶ
1327 1708 1363 1770 δέ

271 1805 328 1870 κατ’
361 1802 443 1870 κατὰ
477 1797 511 1867 τό
546 1802 673 1888 εὐερκὲς
703 1797 876 1887 Ἀδριανοῦ
906 1803 1044 1884 πόλισμα
1070 1804 1109 1869 τά
1142 1805 1362 1890 στρατεύματα

271 1907 499 1988 ξυνελέχησαν,
525 1901 542 1966 ό
576 1905 635 1984 μὲν
657 1901 716 1987 ῥὴξ
736 1900 790 1967 διά
810 1906 866 1986 τῆς
886 1898 1007 1982 πόλεως
1026 1899 1143 1979 ἐλάσας
1162 1907 1219 1988 τῆς
1237 1909 1412 1990 sapone-15

271 1999 368 2088 μένης
389 2001 492 2085 εἴχετο
498 2051 509 2082 ,
531 2004 678 2088 νοσηλεόφ
701 2003 736 2066 δέ
762 2025 810 2076 τις
827 1998 974 2083 στόματος
993 2005 1056 2068 τῦν
1075 2005 1109 2082 ἐξ
1129 2005 1264 2085 αἳματος
1284 2005 1363 2068 ἐνεό-

271 2127 315 2192 νιρ
345 2099 525 2186 περιπεσάν
555 2097 634 2165 κατά
656 2099 712 2183 την
729 2093 901 2186 Ἀδριανοῦ
919 2102 1105 2186 ἐνηολῖζετο.
1144 2099 1366 2185 Ῥωμαίωνδέ

271 2225 355 2276 τινες
384 2199 552 2283 άνάρσιοι,
588 2201 644 2263 καί
663 2195 720 2273 τάς
747 2208 861 2284 χεῖρας
889 2199 948 2264 οῦκ
968 2203 1014 2276 εἰς
1037 2196 1191 2282 ὁπλισμόν
1211 2207 1366 2284 λημμάτι-

275 2297 357 2380 σμόν
381 2301 416 2361 δὲ
435 2301 556 2378 μάλλον
575 2299 804 2379 δεδιδαγμένοι,
825 2296 937 2373 νυκτός
960 2299 1141 2378 ἐπιδόμενοι
1161 2300 1198 2385 τῇ
1220 2324 1366 2384 καταχω-

276 2400 318 2486 χῇ
350 2399 415 2478 πῦρ
437 2418 472 2460 τε
504 2391 690 2480 ῦφάπτοοσι
718 2396 775 2461 καί
794 2393 849 2461 τόν
869 2391 970 2480 ῦνδροι
990 2407 1057 2471 τοῖς
1081 2399 1188 2462 ἐνοῦσι
1207 2423 1415 2481 noyento-ao

277 2499 441 2583 φλέχοοσι.
481 2497 572 2560 τοῦτο
592 2492 708 2576 μαθών
727 2491 744 2557 ό
776 2495 947 2580 Κορράδος
969 2491 1066 2581 (οῦτοι
1084 2495 1145 2580 γάρ
1165 2495 1182 2560 o‘
1206 2495 1268 2582 ῥὴξ
1291 2499 1366 2564 τόνο-

170 2657 175 2665 ,
277 2592 409 2684 μάζετο)
439 2594 601 2678 ἐπιτρέπει
630 2591 671 2659 τά
692 2597 750 2679 τῆς
771 2591 895 2678 άμόνης
915 2597 959 2683 τῷ
981 2587 1143 2682 άδελφιδρῖ
1168 2596 1365 2687 Φρεδερόχφ.

347 2727 475 2798 ἔδραμον
491 2727 585 2796 ἕτεροι
603 2727 644 2785 εῖτ
668 2724 817 2792 ἐκδίκησιν
847 2730 896 2779 καῖ
915 2725 1009 2796 ἕτεροι
1029 2726 1118 2782 πάλιν
1135 2725 1193 2779 α’πό
1222 2730 1281 2783 τάν
1298 2731 1366 2783 siin·

345 2802 448 2872 μιινιῖν
477 2802 527 2850 καὶ
553 2797 646 2867 ἕτεροι
674 2797 763 2850 πάλιν
788 2795 847 2850 «tut
877 2800 933 2850 ταῖν
960 2797 1000 2870 ραι
1043 2802 1113 2861 ίαν,
1144 2803 1192 2851 καὶ
1217 2800 1321 2868 ῦψιόθη
1348 2803 1363 2866 λ

346 2868 425 2942 μάχη
443 2869 493 2920 καὶ
509 2871 614 2938 προέβη
631 2869 672 2926 εἰς
690 2870 829 2937 πόλεμον.
865 2871 913 2920 καλ
940 2867 956 2920 o‘
976 2868 1026 2937 ῥηξ
1041 2868 1168 2938 ἐστράφη
1186 2872 1284 2941 θυμοῦ
1298 2877 1365 2927 πνῖ-

347 2957 402 3002 ων,
420 2941 468 2990 καλ
495 2940 522 2989 ei
542 2935 582 3010 μὴ
608 2939 796 3009 προέφθανεν
817 2938 834 2990 ό
851 2933 1003 3010 ἀρχιερεὺς
1025 2929 1077 2992 τόν
1094 2939 1171 3010 ρῆχα
1187 2941 1367 3013 θεασάμενος

348 3007 570 3078 διιοστρέψαντα
589 3011 638 3060 καλ
656 3002 703 3060 διά
718 3013 776 3060 τῶν
791 3008 1081 3079 γλοιιιιτάτωνλόγιαν
1092 3012 1183 3062 αὐτοῦ
1199 3013 1302 3065 τοῦτον
1316 3031 1366 3065 κιτ-

348 3080 506 3149 τεπρόιῖνε,
526 3078 599 3148 τάχα
620 3075 656 3131 άν
673 3081 721 3130 καὶ
743 3080 784 3136 εῖτ
808 3082 884 3150 μέγα
909 3077 999 3133 κακόν
1026 3082 1181 3147 περιῆλθεν
1206 3083 1319 3153 ημάχη
1336 3085 1365 3134 B.

349 3155 375 3207 ³.
393 3151 543 3212 ἔνστασιν,
562 3151 614 3200 καὶ
630 3149 662 3201 ἐν
676 3149 777 3201 στάσει
788 3150 816 3200 Β.
891 3153 929 3202 ss.
949 3150 1181 3221 dsrprbstdperor
1211 3153 1367 3225 ἐξαπτόμε-

347 3221 441 3276 νονΒ.
500 3221 537 3290 ¹4·
558 3219 725 3287 άνδριανοῦ,
742 3222 938 3290 utsaepe,AB.
997 3225 1034 3275 ss.
1053 3221 1187 3295 ἀνάρσιοι
1214 3222 1368 3294 ἅνθρωποι

351 3289 513 3361 ιῖδιιῖφοροι
539 3293 589 3342 καῖ
614 3287 650 3343 οδ
676 3293 847 3360 πολεμισταί
855 3327 863 3353 ,
891 3280 964 3343 ἀλλά
989 3295 1117 3362 μέθυσοι
1137 3297 1184 3345 καὶ
1200 3294 1250 3346 ἐπὶ
1269 3301 1369 3352 κακοῖς

352 3365 501 3430 χαίροντες
526 3361 556 3413 Β.
661 3375 703 3410 aa.
733 3359 891 3433 ἐπιτρέπει]
917 3363 1027 3432 πέμπει
1051 3360 1103 3416 τόν
1125 3359 1255 3435 ἀδελφόν
1279 3365 1368 3419 αάτοῦ

353 3430 529 3504 φερδερῑχον
555 3432 596 3490 εῖτ
613 3429 761 3495 ἐκδίκησιν
779 3434 832 3484 τοῦ
855 3431 1013 3502 συγγενοῦς
1029 3434 1119 3486 αδτσῦ
1140 3435 1169 3485 B.

283 3564 424 3602 manorum
452 3547 615 3617 disceptatio
644 3557 782 3614 creasse,
810 3549 886 3620 qood
903 3550 991 3620 aliqui
1015 3552 1087 3604 male
1101 3559 1289 3605 tractarentur.
1306 3571 1368 3606 mox

282 3621 357 3688 vulgi
383 3607 590 3686 importunitate
607 3621 709 3672 clamor
736 3630 764 3672 et
781 3621 839 3672 rixa
856 3622 999 3690 sequitur,
1017 3621 1106 3675 donee
1122 3623 1158 3674 ad
1173 3641 1269 3676 manns
1287 3633 1316 3676 et
1334 3624 1371 3676 εδ

284 3707 357 3742 arma
376 3696 486 3739 ventum
503 3696 552 3740 est.
572 3689 645 3742 unde
656 3691 729 3742 haud
749 3691 834 3743 dubie
854 3701 932 3744 atrox
948 3709 1039 3762 pugna
1057 3695 1207 3757 extitisset,
1225 3695 1278 3746 nisi
1296 3695 1369 3747 idem

283 3760 410 3831 pontifex
431 3773 521 3828 regem
549 3759 603 3811 iam
630 3763 777 3814 mutatum*
791 3772 819 3815 et
836 3761 941 3814 bellum
965 3765 1111 3833 spirantem
1143 3782 1175 3815 ac
1192 3765 1280 3816 instar
1296 3766 1371 3818 serae

284 3831 456 3884 truculentae
473 3827 638 3882 concitatum
651 3841 755 3884 mature
774 3833 909 3901 placasset
921 3851 952 3886 ac
968 3843 1076 3903 praeter
1087 3838 1304 3902 expectationem
1324 3845 1372 3888 eo-

284 3901 428 3954 hibnisset.
453 3917 513 3951 cnm
541 3908 631 3952 autem
665 3905 798 3956 exercitus
821 3903 856 3954 ad
873 3904 1079 3973 Adrianopolim
1097 3907 1303 3969 convenissent,
1325 3924 1372 3960 rex

285 3988 334 4042 per
364 3971 458 4024 urbem
486 3969 599 4024 ulterius
617 3975 744 4041 perrexit.
765 3975 876 4044 qnidam
893 3991 957 4028 vero
975 3991 1009 4025 ex
1027 3975 1086 4026 eius
1106 3977 1228 4044 cognatis
1245 3987 1373 4044 aegrotus

286 4043 316 4095 in
334 4041 403 4094 urbe
422 4042 537 4106 mansit3
569 4058 650 4112 quem
671 4043 784 4095 Romani
804 4043 933 4114 quidam,
951 4043 1075 4096 homines
1097 4047 1229 4117 improbi,
1247 4047 1296 4115 qui
1314 4065 1374 4098 ma-

285 4131 337 4168 nos
355 4128 411 4166 aon
429 4111 464 4164 ad
484 4129 556 4164 arma
574 4111 623 4164 sed
639 4113 674 4166 sd
694 4115 802 4184 rapinas
827 4114 938 4166 edoctas
956 4113 1113 4179 habebant,
1132 4135 1186 4170 aaa
1205 4134 1264 4178 com
1283 4115 1375 4168 diver-

286 4185 360 4236 sorio
393 4192 422 4235 et
449 4184 482 4234 iis
513 4199 584 4253 quoe
614 4185 687 4236 intus
715 4192 794 4237 erant
819 4193 946 4235 cremant.
972 4203 1027 4254 quo
1046 4187 1187 4240 Conrados
1205 4187 1313 4256 cognito
1330 4187 1373 4256 (iel

232 4293 234 4298 -
288 4256 361 4310 enirn
379 4255 434 4326 regi
460 4271 559 4309 nornen
585 4257 653 4328 erat)
673 4255 807 4308 ultionem
825 4254 964 4307 friderico
994 4259 1090 4329 nepoti
1119 4256 1238 4312 mandat.
1258 4258 1324 4328 qui,
1341 4266 1374 4311 ot
