3017 4892
341 362 395 425 no
423 359 614 430 uiuum
643 362 840 433 comoedo
870 369 943 434 tm.
963 373 1031 435 vu.
1144 347 1227 458 275

140 503 226 578 ἀλλά
254 510 312 578 καί
338 517 589 600 κατηχητηρίους
619 508 714 584 desae
744 515 873 604 λόγους,
893 515 949 598 ούς
968 546 1048 608 φασι
1067 527 1227 608 σελίντια,

142 615 201 678 καί
221 613 268 686 εἰς
288 606 395 694 κοινὴν
417 613 608 680 ἀνέπτυσσεν
629 615 736 700 ἀκοήν.
759 617 824 704 ὁδῷ
843 622 879 684 ἀὲ
899 620 1018 705 προϊοόν
1036 621 1091 688 καί
1110 625 1229 707 δογμά-

142 732 210 774 των
230 705 344 795 ἥπτετο
364 714 462 776 θείων
484 716 540 777 καί
557 712 632 799 περὶ
649 718 729 779 θεοῦ
762 718 926 801 διελέγετο.
966 719 1077 802 ἀμέλει
1098 728 1154 790 κατ’
1172 749 1229 790 κα·

143 806 460 892 τασχηματιζύμενος
489 811 639 888 πολλάκις
670 808 727 879 τόν
747 816 927 902 ἀποροῦντα
947 818 1105 905 γραφικάς
1125 826 1235 908 εἰσῆγε-

115 906 309 992 5ζητὴσεις,
341 913 397 974 καί
415 913 489 995 περί
515 915 578 976 τῶν
598 911 719 980 λύσεων
739 914 874 981 τουτωνί
892 915 1118 986 διεπυνθάνετο
1138 927 1231 1002 ξυνα-

143 1006 261 1092 γείρων
290 1003 364 1072 ὅσον
391 1007 499 1094 ἔχαιρε
528 1007 694 1096 λογιότητι.
752 1015 820 1079 ἀλλ’
840 1007 879 1099 ἧν
908 1012 949 1082 ἀν
977 1021 1153 1109 ε’παινετέσς
1173 1022 1232 1086 κάν

145 1107 291 1188 τούτοις,
324 1110 355 1172 εἰ
384 1110 481 1192 μέχρι
511 1104 631 1176 τούτων
656 1109 712 1194 τὴν
732 1113 871 1196 λιχνείαν
898 1116 1041 1183 ἐκτείνων
1057 1127 1123 1194 τοῖς
1143 1120 1231 1185 ύυσε·

149 1206 270 1293 φίκτοις
290 1205 357 1271 eald*
381 1203 460 1282 όλοος
493 1213 680 1293 προσέβαινε
705 1209 878 1295 δόγμασιν,
904 1208 926 1298 ἢ
947 1220 1002 1282 καί
1018 1215 1141 1293 τούτοις
1159 1221 1259 1306 eps-o

149 1301 272 1371 στόνων
301 1304 357 1370 τόν
377 1310 453 1371 νούν
475 1308 532 1371 ούκ
560 1299 599 1390 ἦν
618 1311 880 1396 ἰσχυρογνώμων,
901 1309 978 1380 olet
997 1312 1053 1382 τόν
1072 1319 1147 1382 νοῦν
1167 1323 1231 1384 τῶν

106 1409 357 1490 ιογραφσμίνων
375 1403 455 1490 πρὸς
475 1402 531 1492 τήν
553 1409 669 1472 οίκειάν
688 1413 852 1490 μεθειλκεν
871 1415 905 1476 ἐν
925 1420 1048 1492 πολλοῖς
1068 1416 1231 1500 πρόθεσιν,

152 1502 267 1588 ὁρίζων
286 1505 342 1570 καί
359 1503 560 1590 προσεπάγων
587 1506 745 1593 ἔξηγησεις
770 1512 804 1574 ἐν
824 1505 871 1588 οἷς
891 1510 969 1598 πρός
990 1507 1089 1600 όρθην
1108 1511 1232 1581 ἔννοιαν

153 1603 182 1670 οἶ
203 1607 335 1690 πατέρες
357 1607 569 1692 ἐφθέγξαντο,
598 1606 642 1682 ὥς
663 1606 748 1694 εἴπερ
779 1603 852 1675 ὅλον
872 1611 970 1677 αύτόν
989 1616 1157 1700 συνειληφε
1175 1618 1232 1680 τόν

153 1701 294 1788 Χριστὸν
309 1707 365 1767 καί
378 1703 432 1767 ὑπ’
445 1707 544 1769 αύτού
554 1703 713 1790 μεμύηται
726 1705 765 1770 τά
777 1707 852 1793 περὶ
862 1709 962 1774 αύτού
978 1709 1167 1796 τρανότερον
1178 1711 1235 1776 καί

152 1801 323 1887 θειότερον.
375 1801 532 1887 ζητήσεως
556 1799 613 1869 σύν
640 1810 808 1890 γενομένης
825 1808 898 1892 περί
921 1813 980 1874 τού
998 1815 1158 1896 γραφικού
1178 1811 1233 1896 ῥη·

111 1901 207 1972 ι5τού
226 1897 246 1964 ό
266 1925 345 1986 φησι
378 1899 430 1967 τὸν
450 1905 688 1986 σεσαρκωμὲνον
707 1902 785 1969 θεὸν
805 1909 995 1991 προσφέρειν
1024 1932 1058 1971 τε
1079 1907 1162 1988 ὁμού
1181 1908 1237 1972 καί

152 2001 410 2086 προσφέρεσθαι,
439 2001 495 2065 καὶ
526 2005 588 2066 τεόν
618 1999 690 2066 τότε
717 2001 831 2085 λογίων
860 2005 987 2088 ἀνδρῶν
1014 2008 1060 2080 εἰς
1091 2008 1236 2084 ε’ναντίας

151 2105 265 2184 μοίρας
287 2101 542 2184 ἀποκριθέντων,
562 2103 616 2186 ἐφ’
645 2099 751 2168 ἱκανόν
774 2099 815 2166 τά
837 2107 893 2187 τῆς
911 2101 1079 2182 ἐξετάσεως
1098 2102 1236 2190 παρετά-

152 2205 273 2286 θησαν,
295 2195 399 2284 ῥήσεις
415 2224 447 2264 τε
468 2203 522 2265 καί
541 2199 739 2284 ἀντιρρήσεις
773 2203 806 2278 ἒξ
822 2195 978 2286 ἑκατέρων
991 2199 1155 2286 ε’χύθησαν
1173 2208 1236 2270 τεόν

153 2303 267 2384 μεροῖν.
287 2297 556 2384 όρθοτομηθὲντος
571 2302 606 2366 ἀὲ
620 2301 678 2364 τού
690 2303 897 2384 ζητουμένου,
918 2303 973 2366 καί
990 2304 1030 2388 τῇ
1042 2302 1117 2389 ύόξη
1138 2325 1236 2386 προσε

108 2400 296 2475 τοτεθέντος
310 2401 369 2464 τοῦ
400 2401 555 2481 βασιλέως
584 2401 623 2486 τῇ
643 2404 792 2484 θεοφιλεῖ
806 2423 840 2463 τε
860 2401 916 2464 καί
936 2399 1102 2485 κρείττονι,
1121 2404 1235 2466 καθαιὲ

153 2523 240 2583 ρεσιν
255 2496 436 2582 ἀπέστησαν
457 2497 498 2573 ὥς
521 2497 705 2584 ἀντίφρονες
727 2495 960 2584 όὙποψηφιος
980 2501 1036 2583 τῆς
1058 2498 1266 2578 Θεουπόλε-ιη

154 2621 215 2681 ως,
248 2597 384 2682 μεγάλης
403 2597 600 2679 Ἀντιοχείας
620 2593 803 2680 Σωτήριχος
822 2597 839 2662 ό
856 2595 1089 2682 Παντεύγενσς,
1110 2597 1235 2680 όΔυρ.

154 2701 269 2784 ραχιλιυ
289 2692 475 2778 Εύστάθιος,
496 2694 514 2760 ό
535 2699 590 2782 τῆς
601 2699 829 2783 Θεσσαλονίκης
840 2695 980 2782 Μιχαὴλ
997 2695 1053 2763 τόν
1072 2694 1235 2784 ῥητορικόν

230 2865 258 2901 ra
288 2848 317 2901 οἱ
332 2865 375 2900 σοι
393 2849 423 2900 Α.
497 2850 534 2902 ιθ.
553 2847 741 2918 ίχέθησιινΔ.

156 2971 289 3034 existant,
316 2985 397 3038 saepe
421 2970 502 3021 etiam
527 2965 718 3023 dissentientes
741 2969 866 3022 multent
891 2967 937 3019 bic
956 2967 1067 3037 quidem
1088 2969 1233 3036 imperator

156 3050 253 3093 natura
280 3041 412 3091 facundus
434 3048 462 3092 et
480 3041 568 3091 suavis
589 3042 720 3092 sermonis
739 3041 877 3092 allluentia
896 3046 1007 3090 ornatus
1028 3055 1083 3088 non
1098 3038 1236 3106 elegantes

156 3119 261 3164 tantum
281 3111 411 3179 epistolas
428 3110 573 3173 scribebat,
592 3110 640 3162 sed
658 3120 686 3163 et
706 3111 846 3178 religionis
863 3109 1049 3161 institutiones
1066 3108 1237 3176 parturiebat

156 3199 188 3233 ae
198 3181 308 3251 publice
318 3180 494 3232 declamabat.
508 3180 618 3232 tandem
632 3182 713 3233 etiam
724 3181 759 3233 de
769 3180 868 3234 meinis
880 3179 1051 3248 dogmatibus
1066 3186 1094 3228 et
1106 3177 1165 3247 ipso
1184 3177 1236 3228 deo

156 3251 314 3304 disserebat.
342 3269 422 3319 saepe
442 3251 523 3302 etlam
543 3251 743 3304 dubitationem
763 3251 999 3320 praeseferens,
1030 3249 1238 3317 quaestionese

156 3323 295 3392 scripturis
312 3321 498 3390 proponebat,
519 3337 665 3392 earumque
687 3321 839 3374 solutiones
859 3319 975 3371 eruditis
993 3316 1119 3369 omnibus
1138 3333 1237 3369 convo-

156 3395 223 3444 catis
244 3393 414 3461 requirebat,
436 3409 591 3462 quanquam
609 3395 638 3443 in
657 3392 699 3444 his
719 3394 802 3444 etiam
822 3390 929 3442 laudari
950 3389 1100 3457 potuisset,
1117 3387 1171 3441 nisi
1190 3405 1238 3439 cu-

157 3464 279 3515 riositate
299 3464 401 3530 ingenii
422 3479 466 3514 eas
482 3464 564 3514 etiam
581 3463 755 3532 quaestiones
765 3463 894 3530 agitasset
910 3475 981 3530 quac
1001 3458 1098 3527 attingi
1116 3473 1145 3510 se
1159 3458 1237 3510 nullo

156 3533 237 3586 modo
255 3535 404 3603 patiuntur,
422 3541 469 3586 aut
483 3534 577 3585 saltem
591 3534 688 3586 omissa
706 3525 1058 3602 pertinaciascriptnrarurn
1074 3531 1238 3582 sententiam

158 3606 186 3656 in
203 3605 296 3656 multis
321 3603 357 3655 ad
377 3619 452 3655 saram
481 3605 638 3672 opinionem
663 3605 741 3657 novis
769 3601 1041 3671 interpretationibus
1058 3617 1114 3653 non
1133 3617 1238 3653 accom-

157 3674 302 3739 modasset,
322 3675 392 3726 veris
407 3673 636 3730 declarationibus
654 3683 775 3728 veterum
793 3672 960 3743 repudiatis,
978 3671 1057 3792 «χυτοὶ
1076 3672 1134 3740 ipse
1151 3679 1238 3723 totum

158 3745 294 3798 Christum
313 3745 562 3815 comprehendisset
576 3754 606 3798 et
622 3745 657 3796 eb
675 3745 735 3815 ipso
748 3745 891 3796 denatura
905 3743 964 3794 eius
1003 3741 1131 3794 ilucidius
1149 3757 1181 3792 oe
1197 3741 1241 3794 di-

159 3817 248 3868 rinios
261 3817 373 3869 edoctus
393 3825 471 3869 esset.
490 3815 813 3887 ortaigiturquaestione
832 3813 867 3866 de
883 3813 933 3864 illo
957 3811 1047 3876 dicto,
1066 3829 1121 3882 quo
1141 3812 1241 3864 dicitur

159 3887 326 3939 incarnatum
345 3887 426 3939 deum
444 3887 524 3940 simul
542 3894 571 3939 et
590 3890 685 3942 ollerre
704 3895 732 3938 et
750 3886 849 3949 oiserri,
867 3892 896 3936 et
913 3883 1028 3936 eruditis
1048 3885 1119 3935 inter
1136 3899 1165 3935 se
1185 3883 1242 3934 dis-

160 3957 357 4022 sentientibus,
380 3958 542 4028 disceptatio
561 3957 642 4026 longo
661 3967 782 4026 tempore
807 3963 849 4010 est
866 3962 1002 4018 extracta,
1020 3955 1115 4006 multis
1132 3962 1160 4005 et
1177 3969 1242 4004 cou-

160 4027 356 4082 firmationibus
379 4037 407 4082 et
434 4029 668 4082 confutationibus
692 4029 823 4097 utrinque
851 4024 1059 4077 allectaverunt
1079 4026 1242 4092 imperatore

157 4099 220 4166 piae
250 4107 280 4152 et
309 4115 388 4159 verae
417 4101 567 4152 sententiae
584 4107 646 4167 post
663 4099 790 4151 solertem
817 4097 1016 4150 controversiae
1033 4095 1243 4165 explicationem

158 4185 285 4232 assensu,
304 4169 448 4221 adversarii
468 4171 528 4220 loco
549 4171 615 4221 moti
631 4178 694 4221 sunt
711 4177 742 4220 ut
762 4184 902 4238 perperam
920 4166 1084 4228 sentientes,
1103 4165 1243 4232 Hypopse-

159 4241 239 4312 pitius
258 4239 491 4312 theopolitanae,
513 4239 668 4298 soterichus
682 4241 868 4311 Pauteugenus
881 4235 1081 4301 laosthenes,
1099 4232 1243 4303 Dyrrachi-
