3017 4892
329 341 386 406 nn
412 337 544 404 sienis
573 331 1084 402 consaaunuoronmurs.
1144 301 1233 415 859

155 491 213 558 arai
231 488 366 556 uitiositas
389 491 586 571 θαυμαστῶν
602 483 701 572 ἔργων
718 483 777 571 τήν
800 486 1020 572 καταστροηόήν
1039 487 1185 572 παρῆκαν
1205 479 1236 548 ei

154 593 217 656 τού
235 591 335 653 satori
354 589 522 673 ἀνέραστοι
543 577 633 652 ούτοι
658 585 832 672 βάρβαροι,
854 581 935 649 ἀλλά
957 585 1128 650 καὶταῦτα
1148 579 1237 648 κεκό·

157 709 259 773 φασιν
277 688 322 761 εἷς
343 681 502 768 νόμισμα,
525 685 809 766 ἀπαλλασσόμενοι
830 687 950 768 μικρῶν
969 683 1009 748 τοὶ
1032 680 1152 765 μεγάλα
1181 682 1237 746 καὶ

157 784 200 850 τά
216 784 370 859 δαπάναις
383 787 558 870 πονηθέντα
571 781 732 867 μεγίσταις
751 784 926 848 ούτιδανοῖν
938 776 1145 856 ἀντιδιδόντες
1167 803 1238 865 κερ·

128 882 277 966 5μάτων.
319 884 508 969 κατόρειπτο
528 888 632 948 τοίνυν
647 883 806 968 Ἡρακλῆς
830 881 846 947 ό
868 885 1051 968 τριέσπερος
1068 881 1166 961 μέγας
1182 903 1240 960 με-

153 981 302 1079 Ιμαλωστὶ
320 983 437 1072 κοφίνιρ
459 984 668 1066 ὲνιδρνμύνος,
688 985 746 1065 τῆς
758 983 882 1066 λεοντῆς
903 977 1142 1061 ὑπεστρωμένης
1161 969 1241 1040 duar-

159 1085 236 1163 θεν,
258 1078 363 1145 δεινόν
387 1076 510 1165 όριόσης
529 1079 588 1144 κάν
617 1081 660 1168 τῷ
687 1083 796 1169 χαλκῷ
823 1078 877 1146 καί
904 1081 1021 1164 μικρού
1052 1071 1242 1162 βροχηθμόν

160 1173 309 1264 ἀφιείσης
331 1183 386 1245 καί
406 1176 619 1264 διαθροοόσης
645 1178 682 1242 τό
711 1177 920 1266 ἐφιστάμενον
950 1179 1051 1244 ἐκεῖσε
1077 1179 1135 1240 τού
1165 1170 1245 1255 πλή-

160 1282 240 1354 θους
261 1275 454 1360 ἀπάλαμνον.
479 1277 615 1363 ἐκάθητο
636 1281 672 1343 δὲ
690 1276 735 1363 μή
755 1275 897 1364 γωρντόν
922 1279 1107 1362 ἐξημμένος,
1127 1269 1171 1358 μὴ
1194 1268 1244 1336 τό-

115 1381 216 1456 ιοξον
235 1387 307 1443 ταῖν
323 1387 433 1462 χεροῖν
455 1381 581 1464 φέρων,
602 1375 648 1462 μη
670 1379 706 1441 τό
728 1374 866 1464 ῥόπαλον
881 1375 1143 1461 προβαλλόμενος,
1165 1367 1244 1438 άλλό

162 1476 222 1561 την
243 1478 302 1558 μὲν
324 1477 430 1556 δεξιάν
450 1476 546 1558 βάσιν
566 1478 712 1542 ἐκτείνων
740 1473 847 1562 ύόσπερ
869 1480 924 1540 καί
947 1472 1003 1559 την
1031 1471 1130 1557 αύτην
1153 1483 1247 1556 χεῖρα

163 1577 210 1653 είς
231 1572 306 1642 ύσον
326 1577 418 1658 ε’ξῆν,
438 1575 494 1640 τόν
515 1578 551 1641 δὲ
574 1575 737 1658 εύιόνυμον
761 1576 845 1641 πόδα
868 1575 1017 1656 κάμπτων
1035 1574 1079 1650 εἰς
1108 1570 1144 1638 τό
1173 1569 1247 1655 γόνυ

164 1679 221 1739 καί
237 1673 291 1760 τὴν
311 1671 405 1739 λαιόν
424 1682 520 1759 χεῖρα
549 1676 599 1739 ἐπ’
625 1677 765 1759 ἀμκιόνος
792 1677 922 1760 ἐρείδων
929 1723 940 1755 ,
970 1669 1039 1740 εἶτα
1071 1671 1107 1737 τό
1138 1668 1249 1738 λοιπόν

165 1776 224 1858 τῆς
243 1769 353 1856 χειρός
373 1773 563 1854 ἀνατείνων,
585 1772 640 1837 καί
658 1777 705 1863 τρῖ
721 1781 837 1840 πλατεῖ
856 1773 972 1857 ταύτης
999 1771 1140 1854 ἀθκιμάις
1170 1771 1249 1854 πλή-

118 1875 226 1955 ιόρης
242 1870 482 1936 καθαποκλίνων
502 1869 608 1956 ἤρόμα
626 1869 682 1956 τὴν
703 1869 861 1959 κεφαλήν,
887 1871 943 1937 καί
968 1869 1026 1946 τός
1054 1871 1138 1946 ἰδίας
1164 1864 1249 1933 ούτω

167 1970 270 2049 τύχας
300 1967 547 2052 ἀποκλαιόμενος
575 1972 631 2035 καί
659 1972 877 2056 δυσχεραίνων
902 1979 968 2044 τοϊς
999 1964 1128 2050 ἄθλοις,
1155 1963 1250 2042 όσονς

167 2068 254 2154 αύτῷ
274 2065 461 2152 Εύροσθεύς
473 2062 512 2131 ού
525 2067 606 2133 κατά
620 2066 736 2153 χρείαν
753 2067 833 2133 κατά
853 2071 889 2132 δὲ
903 2067 1024 2154 φθόνον
1035 2071 1153 2150 μᾶλλον
1166 2069 1250 2154 η’γω-

165 2169 305 2247 νοθέτει,
325 2168 370 2256 τῷ
390 2169 446 2254 τῆς
468 2166 569 2253 τύχης
587 2164 729 2256 περιόντι
749 2165 946 2256 φοσιόμενος.
989 2161 1029 2253 ἦν
1049 2169 1085 2232 δὲ
1105 2165 1138 2233 τό
1161 2166 1250 2252 στόρ-

234 2353 258 2409 5.
272 2352 449 2426 τριέσπερσςῙ
462 2352 546 2406 buius
558 2353 677 2424 epitheti
688 2309 763 2424 origo
775 2353 810 2406 ad
821 2352 1024 2424 Lycophrooem
1034 2353 1090 2427 (33)
1101 2352 1250 2422 explicatur

237 2423 369 2476 aTzetze.
381 2425 470 2477 Wrnr.
517 2431 543 2480 6.
559 2425 621 2476 vide
631 2443 702 2496 quae
713 2425 748 2477 de
761 2426 813 2477 hoc
824 2431 935 2496 κοφλνρι
948 2425 1100 2477 doctissime
1112 2423 1250 2494 disputata

235 2501 299 2545 sunt
311 2511 327 2545 a
340 2494 369 2544 C.
379 2493 412 2546 G.
424 2495 578 2564 boettigerc
589 2497 618 2548 in
627 2495 762 2548 ilictoriae
782 2495 916 2548 bellorum
935 2497 1112 2548 cruciatorum
1125 2509 1250 2546 sermone

234 2564 324 2633 patrio
345 2582 362 2615 a
378 2581 422 2616 me
441 2565 532 2617 editae
552 2576 625 2617 tomo
642 2566 817 2636 Vfflcilagen
835 2583 859 2636 p.
876 2567 919 2622 32.
939 2567 992 2640 33).
1012 2566 1188 2636 peritissimus
1206 2581 1250 2615 re-

236 2651 296 2685 rum
318 2636 491 2705 antiquarum
508 2635 622 2701 arbiter,
643 2636 766 2700 iudicat,
787 2637 888 2700 corbe,
915 2637 959 2688 cui
985 2637 1141 2706 impositum
1166 2636 1251 2687 luisse

236 2704 380 2756 Herculem
400 2714 463 2774 post
480 2706 588 2758 labores
606 2715 728 2776 peractos
746 2709 962 2778 requiescentem
981 2708 1049 2759 dicit
1064 2707 1190 2768 Nicetes,
1208 2721 1252 2756 re-

236 2777 406 2895 praesentari
425 2777 504 2827 illum
522 2778 649 2840 corbem,
669 2795 724 2847 quo
741 2778 853 2830 beroem
870 2777 904 2828 ad
922 2776 1061 2846 purganda
1078 2777 1179 2843 Augiae
1196 2782 1252 2826 cta-

260 2847 305 2898 ula
324 2863 402 2900 urum
420 2862 479 2902 ease
493 2850 620 2901 nonnulii
636 2857 743 2900 veteres
776 2857 853 2901 cetae
866 2847 1029 2898 fabulantur.
1048 2855 1165 2897 ceterum
1177 2843 1251 2895 hand

237 2917 294 2968 ecio
314 2934 349 2968 an
369 2917 495 2980 Nicetes,
513 2920 560 2987 qui
581 2920 692 2970 insolita
711 2866 794 2970 verba
819 2917 916 2968 sectari
943 2918 1028 2978 solet,
1065 2932 1113 2966 suo
1139 2919 1251 2984 κοφλνρι

239 2986 312 3038 nihil
331 2987 408 3038 aliud
427 2988 578 3056 significare
594 2989 712 3039 voluerit
735 3004 816 3056 quam
835 2985 909 3055 quod
927 2985 1073 3054 simplicior
1093 2984 1183 3036 dicere
1200 3001 1253 3052 po·

239 3057 338 3109 tuisaet
353 3057 448 3116 λύσιν.
464 3057 578 3109 sortasse
606 3057 653 3110 illa
670 3055 741 3110 basis
759 3057 876 3110 rotunda
895 3063 924 3108 et
948 3055 1035 3109 corbis
1061 3056 1163 3110 formae
1182 3070 1252 3126 quc-

240 3123 386 3180 dummodo
404 3127 501 3178 similit
522 3136 588 3178 erat.
606 3127 696 3180 Ἤτοι.

173 3292 311 3348 mirabilia
330 3311 415 3368 opera
433 3303 555 3351 evertere
570 3297 749 3368 neglexerunt
764 3295 874 3352 barbari
897 3297 952 3364 illl,
975 3313 1063 3351 rerum
1091 3295 1251 3367 optimarum

171 3362 279 3430 hostes,
298 3367 348 3420 aed
367 3369 415 3420 illa
433 3385 542 3440 qnoque
562 3371 668 3421 concita
687 3371 715 3420 in
732 3373 894 3422 numismata
909 3377 1061 3432 verterunt,
1080 3384 1174 3436 magna
1189 3385 1252 3437 par·

170 3436 211 3487 eir
231 3445 433 3501 commutantes,
450 3455 482 3491 ac
499 3456 569 3510 quae
586 3441 690 3509 ingenti
706 3449 813 3510 sumptu
832 3441 954 3492 conlecta
974 3441 1090 3503 fucrant,
1106 3439 1252 3492 vilissimae

172 3515 300 3559 monetae
309 3517 512 3578 postponentes.
525 3510 645 3563 deiectos
662 3513 755 3581 itaque
772 3509 1251 3580 estHerculcsTribespernamagnus

172 3575 223 3627 ille
242 3577 603 3648 magniliccsabresactus,in
615 3581 696 3633 corbe
716 3590 829 3646 erectus,
847 3581 891 3633 cui
913 3597 1028 3652 superne
1043 3581 1151 3632 leonina
1169 3581 1251 3651 pellis

171 3646 286 3700 instrata
304 3657 361 3702 erat
376 3667 438 3702 corn
456 3653 544 3721 capite
560 3653 606 3704 rel
625 3652 731 3723 inipso
752 3669 814 3704 aere
831 3659 935 3705 torvum
957 3653 1102 3721 aspiciente
1118 3667 1148 3703 ac
1166 3667 1252 3720 prope

173 3719 291 3785 rugitum
310 3722 453 3774 emittente
473 3723 740 3793 multitudinemque,
761 3739 830 3793 quae
852 3723 922 3774 forte
940 3723 997 3774 illic
1014 3730 1112 3786 staret,
1136 3723 1251 3774 odotem

174 3785 347 3858 dispellcnte.
364 3791 479 3845 cedebat
495 3802 584 3846 antem
606 3810 661 3845 non
678 3793 832 3864 pharetram
851 3801 969 3862 gestans,
990 3808 1045 3846 non
1064 3811 1153 3844 arcum
1164 3791 1252 3844 nrani-

175 3856 228 3910 bus
249 3868 362 3926 tenens,
380 3878 437 3914 non
455 3864 529 3916 clava
546 3865 682 3929 munitua3
699 3863 748 3917 sed
772 3862 893 3916 dextrum
905 3863 1003 3935 pedem
1021 3873 1048 3917 et
1062 3863 1182 3917 dextram
1194 3879 1252 3913 rna-

173 3945 255 3996 num,
272 3941 402 4002 quantum
424 3942 546 4004 poterat,
563 3935 729 3998 extendens,
747 3935 824 3987 laevo
840 3933 911 4004 pede
928 3935 963 3988 ad
987 3951 1056 4006 genu
1080 3949 1167 4004 usque
1187 3949 1251 3982 cur-

172 4007 239 4053 vato
257 4010 285 4053 et
303 4003 411 4056 ninistra
429 4021 510 4056 manu
526 4005 619 4057 cubito
638 4005 757 4068 eull'ulta,
776 4021 855 4075 qnam
873 4006 994 4075 superius
1014 4004 1161 4058 extendens
1177 4017 1251 4054 αιτι-

176 4087 236 4122 rore
254 4071 351 4141 plenus
369 4082 450 4144 caput
465 4076 494 4127 in
515 4077 597 4145 ipsius
616 4076 705 4127 uolam
725 4077 826 4128 leniter
850 4076 1014 4142 reclinabat,
1037 4077 1092 4128 sata
1116 4073 1252 4126 fortunas-

175 4157 231 4210 que
249 4159 311 4194 suas
337 4143 496 4215 deplorans,
524 4163 659 4216 aegreque
680 4147 769 4199 serens
797 4145 902 4200 laborer
928 4148 1029 4220 quibus
1057 4145 1135 4196 illurn
1165 4144 1251 4210 Eury-

175 4211 277 4278 stheus,
294 4231 350 4271 non
370 4232 404 4268 ex
419 4217 580 4271 necessitate
601 4217 649 4271 sed
667 4233 700 4272 ex
717 4217 819 4275 invidia
836 4219 933 4290 magis,
948 4220 1062 4272 tortosae
1077 4231 1124 4269 sua
1141 4213 1250 4268 indatus
