3017 4892
382 310 556 377 maurus
582 308 718 377 nuens
745 312 998 376 numurnus.
1150 279 1231 396 757

150 464 304 545 θέμενον,
325 456 386 549 ἥδη
416 467 451 531 δὲ
482 463 538 531 καί
563 462 782 551 κατάφρακτοι
801 455 977 531 Λατινικαί
1004 466 1270 550 προυφαινοντοῐ)

153 562 322 649 φάλαγγες,
340 566 461 630 ἐκεῖθεν
470 566 662 647 μεθίσταται
672 567 728 628 καί
738 562 773 629 τό
785 565 930 645 σωθῆναι
943 566 1029 648 φυγῇ
1047 568 1235 648 διατίθησιν.

175 722 178 729 .
239 659 279 727 Οἱ
302 663 337 726 δὲ
357 667 502 744 πολέμιοι
522 665 645 747 μηδένα
667 662 753 747 παρά
778 662 872 740 δόξαν
886 658 1021 745 δρῶντες
1036 666 1236 747 ἰθυμαχούν-

151 782 190 827 τα
210 752 230 845 ἢ
253 761 513 845 άντεγχειρυύντά
535 786 630 848 σφισι
650 765 707 827 καί
726 758 949 843 όπλιζόμενον,
974 761 1044 825 ἀλλ’
1072 757 1169 824 ariolo
1194 760 1234 827 τά

120 860 187 925 δάν
206 862 318 941 ποσίν,
337 851 452 927 εύκολα
473 860 512 927 τά
533 862 569 927 ἐν
589 864 701 945 χερσί,
725 859 766 926 τά
788 866 824 927 ἐν
846 869 1015 935 στενωποῖς
1041 856 1235 940 εύδιάβατα,

151 957 193 1024 τά
214 960 248 1023 όν
267 956 406 1044 τριόδοις
437 960 643 1047 άπρόσκοπα,
677 958 740 1025 άπό
774 962 921 1042 πολέμων
946 955 1146 1046 ἀσφάλειαν,
1174 956 1238 1021 α’πό

152 1060 310 1140 πολεμίων
330 1060 510 1145 ω’φὲλειαν,
538 1058 638 1144 τύχης
663 1059 750 1137 τινός
775 1059 974 1145 προαγούσης
1005 1060 1156 1139 εὐμενοῦς
1185 1058 1241 1120 καί

149 1160 435 1245 συλλαμβανούσης
459 1156 581 1235 πάντας
602 1158 696 1245 σφίσι
717 1164 942 1243 προσαπαντᾶν
961 1156 1041 1242 μετά
1060 1160 1240 1239 οταυρικαῑν

153 1254 293 1339 σημείων
311 1260 369 1322 καί
386 1262 510 1325 σεπτιόν
534 1255 674 1325 όκτύπων
697 1260 845 1343 Χριστοῦ
851 1309 862 1341 ,
889 1254 933 1334 ιός
964 1260 999 1323 ἐν
1026 1255 1240 1339 πανηγύρεσιν

6 1414 7 1427 ,
54 1387 68 1403 .
104 1351 298 1420 recitentur
318 1359 375 1421 καί
391 1366 551 1440 πομπαῖς,
573 1357 613 1423 ού
633 1354 714 1442 πρός
733 1355 792 1443 τήν
813 1350 892 1441 όομιν
910 1361 975 1424 τάν
995 1356 1165 1443 ὁρωμένων
1183 1354 1241 1438 τὴν

6 1456 7 1463 '
152 1456 209 1537 τῆς
228 1458 337 1541 ψυχῆς
365 1460 607 1543 μεταμορφούσι
635 1453 847 1540 κατάστασιν,
877 1457 954 1524 ούδδ
982 1460 1081 1540 μέχρι
1108 1455 1242 1538 χειλέων

70 1579 71 1582 ’
151 1555 376 1636 ἕπεμειδιασαν
387 1604 398 1639 ,
420 1556 538 1641 aridii
570 1550 706 1633 ἄελπτος
734 1560 836 1643 ἐκείνη
862 1562 924 1623 βία
954 1555 991 1624 τό
1022 1552 1155 1640 στυγνόν
1186 1556 1243 1620 καὶ

148 1658 310 1734 μανιῶδες
332 1652 463 1741 άρμημα
484 1657 540 1719 καί
556 1659 684 1738 βλέμμα
705 1659 751 1731 εἷς
772 1654 880 1723 εἰκόνα
901 1658 1102 1739 μετέχρωσεν
1131 1651 1274 1735 ἱλαρό-Ρ.
1287 1666 1339 1719 368

149 1776 262 1835 τητος,
285 1755 354 1819 αλλ’
372 1750 584 1841 δπρονόμεοσν
604 1755 727 1837 attur,
757 1758 792 1821 ἐκ
816 1759 878 1822 τῶν
905 1753 1076 1839 ὀχημάτων
1106 1749 1339 1837 προότωςῗ.3σ3

6 1878 8 1921 3
105 1845 340 1935 ιΒάρξάμενοι,
363 1854 404 1916 ου’
424 1849 465 1917 τά
486 1855 550 1918 ταῖν
569 1859 694 1918 πολλῶν
716 1854 814 1934 μόνον
834 1853 985 1941 χρήματα
1009 1852 1078 1917 ἀλλ’
1101 1846 1163 1937 ἤδη
1187 1855 1242 1917 καί

150 1946 190 2013 τά
211 1955 256 2037 τιβ
274 1954 340 2037 θεῷ
363 1943 571 2033 άνακείμενα,
593 1952 766 2038 ξιφηφόροι
781 1954 917 2035 πάντες,
938 1951 967 2017 οἱ
988 1954 1101 2017 δὲκαὶ
1123 1974 1241 2016 σκεπα-

150 2050 292 2133 στηρίοις
321 2044 430 2125 όπλοις
462 2047 538 2125 τούς
573 2049 655 2139 πρὸς
683 2054 841 2135 σάλπιγγα
876 2054 1094 2135 ἐγειρομένους
1124 2053 1241 2126 δππους

150 2142 275 2213 ἔαυτάν
293 2145 567 2235 περιφράττυντες.
607 2148 646 2217 τί
665 2153 695 2217 δ’
715 2144 755 2217 όν
774 2152 916 2234 πρῶτον,
942 2154 978 2215 τί
996 2153 1027 2215 δ’
1054 2148 1183 2233 ἔπειτα,
1208 2152 1244 2215 τί

151 2248 184 2312 δ’
206 2242 354 2313 ύοτάτιον
384 2250 592 2331 καταλέξαιμι
624 2252 688 2315 τάν
712 2254 885 2334 τηνικαῦτα
911 2253 1121 2332 τολμωμένων
1149 2247 1235 2332 παρά

6 2362 8 2411 ζ
100 2349 217 2412 novur
238 2348 449 2429 παλαμναίων
466 2351 594 2415 ἐκείνων
622 2346 769 2434 άνδρῶνς
802 2343 830 2414 οό
856 2372 914 2431 μοι
942 2351 998 2433 τῆς
1028 2349 1143 2431 ἀτίμου
1176 2350 1238 2413 τῶν

151 2450 377 2533 προσκυνηταῑν
398 2444 526 2514 εἰκόνων
551 2450 813 2535 κατεδαφίσεωςί
852 2442 957 2532 άτῆς
987 2449 1049 2514 τόν
1076 2442 1238 2528 λειψάνων

149 2547 214 2611 τεόν
234 2546 315 2630 ύοὲρ
334 2549 479 2631 Χριστού
495 2545 660 2612 παθόντων
680 2550 747 2613 κατ’
768 2550 890 2631 ε’ναγοΐν
909 2548 1095 2623 α’κοντιοεως
1114 2542 1238 2613 τόπωνί

222 2697 261 2747 ri.
280 2694 381 2769 άδεοῖτ]
401 2693 525 2755 duracinis
540 2696 577 2761 A,
598 2693 804 2771 άπανθριύπως
822 2698 852 2753 Β.
923 2714 967 2753 uo.
986 2694 1010 2751 ά
1019 2694 1090 2782 μοι]
1110 2698 1169 2767 φεῦ
1183 2711 1239 2767 μοι

217 2769 258 2825 εἰς
276 2764 541 2892 τῆνματαπΔάτησιν
566 2770 625 2825 τάν
649 2766 744 2841 άγίων
768 2772 819 2822 καλ
843 2784 1050 2839 προσκυνητονν
1069 2769 1191 2823 εἰκόνων
1206 2766 1238 2823 Β.

220 2852 262 2889 aa.
281 2856 332 2891 και
362 2854 407 2891 om
449 2874 459 2895 .

148 2988 209 3035 ctae
230 2982 389 3039 Latinorum
408 2982 532 3038 cohorter
550 2990 728 3056 apparerent,
753 2983 819 3038 inde
844 2980 962 3036 discedit
980 2986 1009 3035 et
1033 2980 1097 3050 luge
1119 2978 1237 3031 ralutem

170 3054 266 3105 uaerit.

149 3070 168 3125 q
219 3122 317 3175 Horten
345 3139 410 3175 vero
441 3140 502 3175 cnm
532 3130 641 3192 praeter
673 3122 892 3193 expectationem
926 3135 1000 3173 arma
1038 3126 1133 3173 eontra
1164 3120 1236 3171 lerre

148 3193 304 3256 neminem,
324 3196 460 3245 neminem
483 3195 608 3245 resistere
632 3202 790 3255 cernerent,
816 3192 907 3243 omnia
928 3191 1013 3261 plano
1038 3198 1067 3243 et
1092 3190 1236 3259 expedita,

148 3264 304 3333 angiportur
324 3266 450 3333 pervior,
472 3264 552 3315 trivia
570 3274 683 3334 aperta,
704 3282 719 3315 a
744 3263 819 3315 bello
842 3262 1033 3325 securitatem,
1055 3260 1090 3312 ab
1110 3259 1237 3313 hortibus

148 3334 297 3386 utilitatem
322 3348 389 3385 eree.
407 3334 517 3386 fortuna
535 3334 651 3403 quadam
677 3334 797 3404 propitia
820 3341 848 3386 et
867 3332 1009 3397 adiutrice,
1029 3331 1155 3383 omnibus
1174 3348 1236 3384 cum

149 3402 275 3456 crucibus
295 3412 323 3457 et
339 3405 421 3456 sooria
442 3404 541 3457 Christi
559 3404 740 3473 imaginibus,
758 3412 790 3457 ut
812 3406 841 3457 in
858 3404 966 3474 pompis
991 3410 1020 3454 et
1040 3402 1236 3455 festivitatibua

120 3472 121 3475 ’
148 3476 231 3527 morio
250 3482 306 3539 eet,
329 3474 438 3527 obviam
454 3474 663 3545 prodeuntibus,
679 3474 751 3527 nihil
770 3492 803 3527 eo
821 3482 969 3545 conspectu
986 3472 1112 3526 habitum
1131 3474 1237 3525 animo-

149 3562 209 3596 rum
226 3546 419 3610 immutarunt,
437 3562 528 3617 neque
547 3548 697 3599 arrireruut
713 3546 872 3617 paululum,
888 3562 940 3598 nee
955 3545 1093 3614 insperato
1112 3543 1162 3595 illo
1173 3559 1238 3613 rpe-

148 3614 256 3668 otaculo
275 3616 361 3669 trirtir
389 3624 418 3668 et
435 3616 553 3669 furiosus
572 3634 665 3670 eorum
685 3618 804 3688 impetur
826 3616 965 3687 mitigatur
984 3624 1044 3680 ert,
1068 3631 1123 3685 quo
1146 3616 1237 3666 minue

148 3704 205 3739 nou
222 3695 329 3739 tanturn
348 3687 513 3757 privatorum
535 3689 694 3758 pecuniam,
719 3706 736 3740 a
753 3687 881 3741 iumentis
900 3687 1048 3756 aurpicati,
1068 3685 1117 3739 τιό
1136 3694 1165 3737 et
1181 3684 1235 3737 deo

46 3796 47 3801 ,
149 3774 225 3810 onero
242 3757 416 3828 impudenter
434 3757 599 3829 diriperent,
619 3759 719 3812 rtriclir
741 3758 869 3822 ensibus,
893 3771 979 3829 equor
997 3756 1033 3809 ad
1052 3756 1136 3809 tubae
1158 3756 1235 3808 ronl-

147 3834 206 3881 tum
226 3828 338 3882 excitari
355 3830 451 3882 nolitne
469 3830 498 3881 in
517 3830 597 3881 onnia
615 3837 749 3885 tenentes.
766 3828 834 3899 quid
850 3845 915 3883 vero
935 3829 1031 3897 primo,
1050 3826 1117 3915 quid
1136 3844 1236 3880 recun-

149 3898 201 3962 do,
219 3899 286 4007 puid
312 3900 394 3953 tertio
413 3901 473 3952 loco
493 3900 608 3952 referam
628 3917 661 3955 ex
678 3902 711 3953 iir
732 3916 804 3970 quae
825 3900 924 3952 nefarii
944 3900 990 3952 isti
1016 3900 1069 3951 vim
1094 3906 1236 3968 perpetra-

149 3979 229 4025 runt.
263 3970 318 4023 heu
345 3971 553 4041 ignominiorum
581 3970 778 4024 adorandarum
805 3972 952 4041 imaginum
984 3968 1235 4023 conculcationem!

147 4042 203 4094 heu
233 4041 409 4114 reliquiarum
435 4050 590 4096 tunctorum
617 4051 764 4111 martyrum
793 4042 823 4094 in
849 4042 930 4094 foeda
954 4041 1013 4093 loca
1041 4037 1235 4093 abiectionem!

148 4111 223 4181 quod
241 4130 305 4166 vero
324 4114 368 4167 vel
385 4113 482 4165 auditu
501 4112 666 4166 horrendum
687 4122 746 4177 ert,
764 4112 792 4164 iri
812 4122 870 4165 turn
892 4122 951 4165 erat
969 4128 1095 4174 eernere,
1115 4118 1147 4160 ut
1165 4108 1236 4159 divi-

147 4200 199 4238 nus
218 4185 327 4257 ranguir
346 4194 375 4239 et
393 4202 491 4258 corpur
509 4184 609 4241 Christi
632 4185 708 4241 humi
733 4183 918 4241 effunderetur
939 4192 969 4237 ιι
993 4184 1166 4238 abiiceretur.
1185 4179 1237 4251 qai
