3017 4892
284 298 372 404 doo
490 341 496 348 ·
591 319 764 393 niceana
793 317 1029 392 cuondam

284 478 535 562 μεταναστεόσαι
554 478 613 560 τῆς
632 474 752 554 πόλεως
772 472 819 544 ἔτι
837 481 901 542 τῶν
920 475 1078 558 πολεμίων
1098 473 1368 558 προσδοκωμένων

283 579 367 662 μηδὲ
384 571 655 661 περικαθιοάντοον
675 575 796 660 αότὴν,
815 579 905 642 τοῦτο
925 578 985 658 μὲν
1005 577 1153 654 οόδαμός
1174 573 1366 660 stammam,

284 675 372 761 εἴπερ
394 675 492 740 αότοῦ
508 673 869 759 συμπαρομεμενηκότος
888 681 1027 740 πλεῖστοι
1046 671 1176 756 ἔμελλον
1196 671 1366 758 σώζεσθαι,

284 773 459 857 όνειρχθείς
481 775 518 838 δὲ
539 776 578 860 τῇ
600 773 690 838 πόλει
711 768 793 839 ἓκιόν
813 771 871 838 σόκ
891 771 1051 839 όπαόσατο
1079 773 1302 858 συνδιαφέρων
1326 772 1367 839 τά

283 871 412 957 άλγεινά
435 879 505 948 τοῖς
523 870 723 956 πάσχουσιν,
746 871 790 948 οἷς
809 875 869 954 μὲν
890 875 933 960 τῷ
949 877 1025 938 καθ’
1045 868 1141 936 αότόν
1161 867 1397 955 όποδειγματιὸ

283 973 485 1054 ουμπειθουν,
510 967 554 1046 σός
573 973 608 1036 di
630 972 812 1055 παραινοόν,
834 965 896 1036 όσα
923 969 978 1035 καί
1005 968 1127 1056 πατρός
1155 967 1277 1054 ἡμέρου
1305 969 1369 1054 δή·

251 1096 408 1156 «Βγματοι,
428 1067 466 1136 τά
486 1074 544 1135 τοῦ
563 1073 644 1134 θεοῦ
661 1073 901 1156 καθυποφέρειν
921 1067 1087 1154 πλήγματα
1108 1069 1161 1133 καί
1180 1067 1236 1152 τήν
1256 1071 1292 1133 ἐκ
1308 1070 1369 1134 sori

283 1169 477 1248 πατάξαντος
496 1172 686 1256 προσμένειν
707 1161 804 1246 αόθις
824 1165 923 1234 ίοισιν.
964 1170 1017 1251 „ss’
1033 1165 1094 1252 γάρ
1107 1167 1163 1232 καί
1183 1162 1266 1232 οίόὲ”
1287 1191 1370 1254 φησι

282 1266 479 1355 ,,πατάσσειν
496 1263 669 1348 πολλάκις,
690 1264 772 1331 άλλά
793 1266 849 1330 καί
859 1267 973 1332 ἰᾶσθαι
992 1263 1174 1342 πλειστάκις
1195 1271 1291 1353 φιλεῖ,
1313 1267 1370 1332 καί

283 1370 423 1454 μάλιστα
444 1369 476 1433 εί
497 1361 609 1452 πράως
630 1371 721 1452 φέρει
741 1389 791 1441 τις
819 1368 875 1430 καί
893 1366 1091 1450 εὐχαρίστως
1117 1363 1157 1430 τά
1185 1369 1368 1447 λυποῦντα,
1382 1395 1419 1436 ιο

283 1467 341 1534 καί
354 1466 397 1552 μὴ
420 1465 502 1547 πρός
521 1465 557 1532 τό
580 1463 677 1550 δριμό
697 1464 819 1530 τοότοον
838 1468 894 1530 καί
911 1465 1026 1548 βάλλον
1045 1463 1103 1548 τήν
1114 1461 1264 1548 αἴσθησιν
1276 1465 1370 1549 αἰγδι-

285 1565 416 1648 ζόμενος
436 1560 638 1650 άπεστόργως
657 1561 725 1648 ἔχει
744 1561 826 1649 πρός
843 1561 896 1630 τόν
908 1561 1079 1647 ἐπάγοντα,
1100 1563 1156 1628 καί
1176 1560 1371 1628 καταστενό-

242 1670 246 1675 ’
286 1668 336 1746 ζει
354 1669 414 1748 μὲν
432 1667 487 1749 τῆς
505 1664 672 1749 προνοίας,
693 1663 857 1747 κριμάτιυν
880 1665 915 1728 δὲ
938 1659 1037 1744 βάθος
1055 1662 1235 1729 όποσείεται
1255 1666 1370 1728 θεϊκοῖν

285 1759 340 1830 υἷα
359 1768 405 1852 τῷ
424 1764 522 1851 κυρίῳ
542 1766 803 1846 ἐξομολογεῖσθαι
822 1759 1014 1846 μεμαθηκώς
1040 1763 1075 1826 όν
1100 1761 1186 1850 μόνιρ
1213 1764 1259 1849 τῷ
1288 1760 1371 1844 dyc·

285 1862 464 1946 θόνεσθαι,
486 1861 542 1927 καί
562 1857 637 1926 όταν
657 1865 691 1942 ἐξ
711 1855 825 1947 ου’ρίας
848 1859 1076 1950 φερόμενοντὸ
1101 1863 1161 1924 τοῦ
1189 1863 1262 1942 βίου
1290 1856 1419 1934 sisoi-15

287 1987 354 2030 τιον
372 1959 540 2049 διακομίζχ
563 1961 772 2046 άναυαγήτυς
795 1963 901 2049 ἐκείνῳ
923 1960 977 2024 καί
996 1957 1066 2045 ῥεῖα
1090 1961 1145 2024 καί
1170 1957 1299 2046 κοόφοος
1329 1957 1368 2026 τό

287 2062 403 2149 sparci,
425 2061 469 2138 ὥς
489 2060 524 2126 αἱ
542 2062 614 2146 νῆες
634 2059 798 2148 μακρόθεν
814 2059 856 2126 τά
883 2061 1057 2143 α’γοόγιμα.”
1098 2061 1212 2126 ου’κοῦν
1232 2060 1289 2124 καί
1305 2065 1373 2138 τοῖς

258 2171 470 2249 (ἑστροτηγοϊς
490 2155 722 2244 ὀπτανόμενος,
743 2159 800 2236 σός
821 2155 963 2234 Κόντους
990 2155 1062 2248 εἴπῃ
1081 2183 1130 2236 τις
1151 2153 1192 2225 άν
1212 2159 1373 2246 Λοπινικῇ

289 2264 441 2349 διαλέκτῳ
463 2255 646 2344 χριόμενος,
673 2259 840 2342 ἐμετρίαζε
868 2255 908 2322 τά
940 2259 1039 2345 χείρω
1064 2265 1130 2338 τοῖς
1161 2253 1371 2339 πεπονθόσιν,

287 2355 488 2442 ἐπιτάγματα
507 2359 627 2424 ἐκεῖθεν
647 2353 771 2443 χορηγά
792 2357 929 2438 νομιζειν
950 2357 1087 2434 άνόσεως
1107 2355 1163 2422 καί
1181 2359 1244 2423 πᾶν
1263 2355 1420 2441 &spureo

287 2459 488 2542 sparavarios
507 2457 616 2532 αότοῖς
629 2454 836 2540 παράκλησιν·
874 2455 960 2540 τάχα
980 2454 1041 2542 γάρ
1056 2455 1113 2520 καί
1129 2458 1244 2540 πέτρας
1261 2449 1373 2540 όγελά-

287 2553 407 2623 οτουό
435 2552 556 2620 ἐκείνου
575 2551 665 2638 λόγος
691 2558 853 2638 καθίκοιτο,
881 2559 937 2620 καί
971 2557 1011 2620 δι’
1045 2557 1157 2630 αι’δοῦς
1189 2557 1245 2621 καί
1276 2549 1373 2636 μόνον

286 2654 404 2741 όφθείς
422 2662 488 2729 τοῖς
515 2653 707 2740 άλλοφόλοις
732 2646 844 2739 ἤγετο,
865 2657 922 2720 καί
940 2652 1054 2720 θάκων
1073 2653 1296 2733 όπεξίοταντο,
1318 2655 1375 2716 καί

287 2749 391 2840 ἡδίους
409 2754 510 2820 ositos*
529 2744 653 2838 ἢκουον,
669 2755 726 2818 καί
744 2751 825 2840 πρός
843 2750 877 2820 τό
898 2749 1072 2841 πραότερον
1089 2752 1144 2819 καί
1160 2749 1373 2838 χρηστότερον

356 2958 383 3012 5.
398 2953 506 3028 etym
522 2956 553 3012 t.
573 2972 608 3010 aa
626 2954 769 3028 sityscsc?
826 2973 865 3028 ιγ.
886 2954 1046 3032 μακρόθεν]
1067 2955 1221 3030 πόρρωθεν
1238 2957 1269 3010 Δ.

287 3149 370 3221 affligi
388 3167 470 3222 qoam
496 3152 678 3205 mercenarios
694 3152 816 3216 imitari,
845 3151 894 3222 qui
911 3152 940 3204 lu
961 3152 984 3204 is
997 3150 1208 3205 adventantibus
1227 3167 1306 3220 grege
1323 3151 1371 3203 de·

287 3231 360 3275 serto
378 3224 540 3292 aufugiunt,
563 3224 686 3292 quamvis
713 3224 778 3274 dum
806 3221 899 3274 hostes
917 3168 1007 3283 adhuc
1025 3221 1238 3292 expectabantur
1255 3222 1371 3274 necdum

286 3293 383 3345 urbem
407 3292 650 3357 circumsederunt,
675 3293 816 3346 discedere
849 3293 991 3357 licuisset,
1016 3293 1048 3344 id
1064 3293 1118 3344 sibi
1137 3292 1248 3344 minime
1269 3293 1371 3344 iacien-

287 3365 353 3416 dum
379 3365 503 3427 censuit,
528 3365 603 3434 qnod
630 3381 679 3415 sua
708 3364 863 3433 praesentia
889 3364 1018 3414 nimirum
1043 3362 1144 3415 maritos
1167 3370 1372 3416 conservaturus

287 3443 362 3498 erat,
379 3435 428 3486 sed
453 3435 526 3487 ultro
551 3435 581 3486 in
600 3433 669 3486 urbe
696 3442 828 3504 tanquam
851 3450 957 3486 carcero
980 3432 1099 3485 inclusus
1119 3449 1260 3484 aerumnas
1278 3449 1371 3485 omnes

287 3522 343 3555 una
364 3505 481 3556 tolerare
498 3521 555 3557 non
572 3504 694 3568 destitit,
710 3513 770 3556 tum
789 3522 838 3557 suo
866 3505 990 3574 exemplo
1010 3503 1218 3573 persuadendo,
1236 3512 1295 3555 tum
1314 3520 1372 3554 mo·

287 3573 380 3626 nendo
398 3574 443 3624 dei
457 3574 579 3639 verbera,
593 3584 625 3628 ut
640 3575 752 3644 benigni
769 3576 852 3645 patris
870 3575 1083 3644 castigationem,
1104 3575 1198 3644 aequis
1216 3573 1373 3640 animisje-

288 3643 374 3697 reoda
392 3651 422 3695 et
446 3643 595 3696 abeodem
619 3646 782 3698 medicinam
800 3645 994 3715 expectandam
1014 3661 1082 3697 esse.
1102 3663 1165 3697 narn
1184 3645 1207 3696 si
1226 3660 1324 3714 saepe,
1341 3650 1373 3694 ut

288 3715 347 3775 ait,
363 3721 520 3782 percutere,
536 3723 565 3765 at
584 3717 742 3786 saepissime
773 3717 855 3769 etiam
873 3716 977 3768 mederi
997 3723 1154 3780 consuevit,
1173 3715 1331 3785 praesertim
1349 3713 1372 3764 si

288 3785 352 3854 quis
367 3784 467 3834 leniter
495 3792 524 3836 et
548 3802 609 3837 cum
626 3789 773 3856 gratiarum
802 3788 911 3839 actions
933 3786 1071 3839 molestias
1090 3788 1206 3856 perfert,
1224 3801 1315 3854 neque
1336 3783 1372 3834 ob

289 3853 468 3905 acerbitatem
489 3871 580 3907 earum
607 3874 669 3909 eum
686 3876 704 3909 a
727 3875 783 3928 qno
807 3859 1016 3927 proficiscuntur
1033 3857 1097 3908 odio
1115 3857 1302 3926 persequitur,
1322 3871 1374 3906 nec

289 3942 351 3976 cum
380 3924 552 3994 providentia
570 3929 742 3996 expostulat,
768 3945 819 3980 nec
840 3927 936 3980 iudicii
953 3928 1039 3979 (livini
1078 3928 1244 3980 roinnditate
1265 3927 1373 3988 reiecta,

289 3999 320 4046 in
338 3994 463 4048 secundis
481 3995 615 4049 duntaxat
630 3999 712 4050 rebus
729 4009 758 4052 et
767 4015 896 4070 prospero
914 3945 1116 4051 fortunaedatu
1134 3999 1236 4050 bonum
1249 4013 1278 4047 se
1295 4011 1375 4066 prae·

290 4067 357 4118 bere
383 4065 490 4118 didicit.
513 4067 538 4118 is
554 4068 638 4135 igitur
663 4069 745 4123 duces
771 4071 921 4133 exercitus,
949 4070 997 4138 qui
1021 4069 1119 4122 Latine
1137 4070 1210 4120 conti
1230 4067 1374 4128 dicuntur,

291 4135 387 4189 adiens
405 4135 494 4190 edicta
513 4137 689 4208 impetrabat,
707 4141 809 4210 quibua
827 4157 972 4192 aerumnas
990 4140 1172 4202 laniabantur,
1190 4154 1280 4207 neque
1298 4136 1373 4206 quic·

291 4224 373 4280 quam
390 4208 627 4282 praetermittebat
639 4210 714 4283 quod
732 4211 768 4264 ad
785 4211 1001 4266 consolationem
1017 4228 1126 4264 suorum
1138 4211 1295 4282 pertineret.
1311 4220 1371 4260 nam
