3017 4892
276 246 360 358 296
577 273 751 340 meniu
779 269 1017 340 cucurum

269 428 332 502 παξ
351 424 457 514 ἕκτίνφ
472 427 516 500 εἶς’
537 425 615 490 θίαν
636 427 788 508 κατέστη,
808 426 906 504 μέγας
918 417 1097 504 μεγαλωπὶ
1117 414 1197 484 κατύ
1218 422 1276 486 τοῦ
1293 422 1351 486 δα-

265 525 367 588 πὲδου
388 525 555 588 ε’κτεινεται
574 520 737 604 προτείνας
763 521 819 605 τήν
838 519 968 602 ἅλυσιν,
991 523 1047 584 καί
1066 515 1215 602 δακρύοις
1234 517 1352 602 τέγγων

268 623 344 698 τούς
362 620 552 708 ὀφθαλμούς
573 623 672 686 ἐδεῖτο
689 618 880 704 θερμότερον
899 616 954 684 καί
971 621 1157 703 περιπαθῶς
1169 621 1351 684 καθικέτευε

270 720 455 804 συγγνώμην
475 716 579 804 εόρεῖν
601 721 652 806 ἐφ’
673 711 719 794 οἷς
740 718 779 803 δή
794 741 857 782 που
880 714 1152 802 παραλελύπηκεν.
1195 712 1213 778 ό
1236 718 1272 783 δὲ
1291 721 1352 798 βα-

242 819 377 908 Εοιλεύς
396 821 449 886 ε’ντί
467 828 532 896 τοῖς
561 821 733 902 δρωμένοις
763 815 922 900 ἔκθαμβος
947 814 1081 901 γεγονοός
1101 811 1197 892 αύτός
1219 839 1255 881 τε
1274 813 1379 901 πρύς5

269 915 394 1003 δάκρυα
414 914 564 1003 προήχθη
584 920 640 982 καί
658 916 735 992 τούς
754 917 972 1001 δξεγερούντας
1001 918 1158 994 ἐπέταξεν.
1202 912 1220 979 ό
1242 917 1278 980 δὲ
1295 915 1352 978 οόκ

268 1021 443 1102 α’ναστῆναι
469 1021 532 1083 τῶν
550 1017 634 1082 κύτω
668 1019 895 1101 διισχυρίζετο,
916 1017 947 1079 εἰ
965 1012 1009 1098 μὴ
1032 1018 1187 1096 βασιλέως
1199 1013 1353 1078 ἐ’πιτετα-

266 1115 362 1199 χότος
382 1115 477 1181 αύτόν
497 1141 545 1192 τις
560 1118 623 1181 τῶν
636 1113 871 1199 παρεστηκότων
891 1112 947 1178 διὰ
970 1116 1027 1198 τῆς
1045 1109 1241 1196 ῥυμοτομίοις
1260 1109 1353 1177 taud-

267 1239 318 1279 σει
334 1218 393 1278 τού
412 1215 561 1298 βήματος,
580 1215 752 1296 λαβόμενος
766 1215 822 1298 τῆς
843 1212 996 1293 ἁλύσεως,
1016 1214 1072 1278 καί
1090 1213 1354 1297 προσουδιόειτιῖ

267 1309 374 1401 θρόνῳ
392 1315 436 1400 τῷ
446 1313 607 1401 βασιλείῳ.
631 1314 741 1394 α’μέλει
754 1311 810 1377 καί
829 1313 951 1394 γέγονεν
962 1308 1006 1386 σός
1026 1312 1125 1376 ἐδεῖτο
1146 1310 1352 1394 Ἀνδρόνικος.
1365 1339 1401 1382 1⁰

269 1408 462 1494 ύπουργὴκει
476 1413 511 1475 δὲ
523 1409 603 1496 πρός
623 1404 757 1494 τούργον
777 1413 869 1474 τοῦτο
891 1406 1046 1484 Ἰσαύκιος
1065 1401 1246 1492 δ”Αγγελος
1265 1403 1354 1472 cixa-

270 1505 375 1572 θελιόν
401 1514 458 1594 τῆς
484 1511 668 1592 τυραννίδος
695 1510 892 1593 Ἀνδρόνικον
914 1505 1061 1592 ύοτερον·
1112 1506 1168 1572 καί
1182 1502 1355 1588 θαυμάσας

270 1599 312 1672 ἄν
324 1627 372 1680 τις
380 1605 414 1672 τό
436 1611 584 1674 τελεσθὲν
596 1606 744 1693 τηνικάδε
759 1609 873 1691 καιροῦ
887 1609 945 1672 ούκ
957 1609 1005 1684 είς
1018 1600 1131 1691 ύλαγον
1143 1607 1316 1690 συγκυρίαν
1332 1599 1355 1688 ἢ

271 1699 443 1786 αύτόμοτον
464 1704 617 1772 α’πολύσει
636 1709 730 1772 τούτο
748 1711 951 1790 περίπτωσιν.
989 1709 1035 1792 τῷ
1055 1708 1085 1770 δ’
1104 1698 1160 1770 οὖν
1180 1704 1253 1774 τότε,
1272 1707 1355 1784 λαμ-

270 1803 414 1889 πρότατα
443 1802 651 1888 προοδεχθείς
681 1800 798 1888 όύνήρ
820 1806 875 1868 καί
896 1807 1131 1892 φιλοφροσύνης
1162 1809 1403 1889 mutunus-15

272 1906 351 1978 πούς
372 1897 537 1983 ἀξιωθείς,
558 1903 602 1979 οἷς
622 1901 688 1968 ἔδει
705 1905 884 1988 τηλικοῦτον
915 1897 1017 1989 ἄνδρα
1038 1901 1166 1988 χρόνιον
1188 1901 1355 1988 ἐπανήκον-

239 2017 326 2084 Dra,
347 2000 427 2086 πρός
446 1999 480 2068 τὸ
505 1999 629 2068 Οίναιον
650 2003 894 2084 α’ποστίλλεται,
916 2005 1018 2068 ε’νεῖσε
1038 2000 1097 2077 τύς
1115 2001 1283 2086 διατριβὰς
1301 2025 1352 2067 τε.

272 2102 373 2165 λίσων
403 2099 458 2166 καί
475 2100 534 2184 τὴν
551 2099 677 2184 μακρόν
703 2095 935 2183 ιῖνακωχεύσων
948 2102 1128 2183 περιοδείαν
1150 2105 1206 2166 καί
1224 2100 1280 2166 τόν
1299 2123 1356 2166 πο-

271 2200 369 2283 λυετῆ
400 2195 612 2264 καταπαύσων
642 2197 770 2271 πλάνον.
822 2191 940 2287 ᾔδεσαν
960 2197 1022 2283 γύρ
1044 2193 1221 2284 οἷμφότεροι
1240 2197 1280 2266 τύ
1300 2178 1357 2284 ύῆς

272 2297 306 2360 ἐν
326 2299 431 2382 τούτῷ
464 2301 635 2372 συνουσίας
655 2297 777 2372 εἰςτὰς
801 2299 957 2383 προτέρας
980 2295 1214 2364 ἐπαναλύσοντα
1231 2322 1402 2386 συμφο-αο

272 2391 346 2477 ρός·
369 2393 533 2479 μηδὲγὰρ
556 2388 595 2460 όν
616 2395 789 2481 ἠρεμήσειν
811 2393 890 2472 ὅλως
909 2394 965 2462 τόν
984 2400 1104 2482 φθόνον
1123 2397 1179 2463 καί
1197 2391 1244 2473 οἷς
1265 2396 1356 2484 ἔργον

172 2507 203 2558 v.
217 2497 314 2582 ιεττρῖ
333 2495 481 2580 φιλαιτίῳ
501 2491 557 2576 τὴν
577 2491 664 2576 πυρύ
684 2501 750 2570 τοῖς
762 2499 930 2579 κρατοῦσιν
945 2493 1100 2562 οἰκείοισιν
1119 2487 1282 2582 ύρνυσθαι
1301 2494 1359 2565 καί

271 2599 343 2668 ταῖς
361 2592 423 2657 τῶν
442 2583 545 2656 ἄλλων
567 2594 729 2674 διαβολαῖς
750 2590 886 2673 ἑαυτούς
912 2592 1128 2680 ε’πικρατύνειν
1148 2596 1204 2662 καί
1221 2597 1267 2672 τίς
1285 2596 1357 2678 μεί-

275 2693 348 2770 ζους
371 2692 595 2776 προσεπαίρειν
615 2693 720 2774 τιμάς.

357 2794 386 2855 3.
421 2783 483 2855 Ἦν
513 2784 571 2856 ούν
595 2791 791 2878 Ἀνδρόνικος
820 2791 895 2868 Διός
913 2817 949 2858 τε
979 2790 1088 2881 πόρρω
1109 2797 1165 2859 καί
1182 2794 1405 2881 κεραυνοῦ,πό

344 2950 370 3004 θ.
390 2947 437 3002 διδ
456 2952 504 3016 τῆς
518 2949 555 3024 (λλ
577 2948 647 3016 δὴσιγ
663 2951 712 3005 ἐπὶ
728 2952 779 3006 τόν
797 2953 908 3023 θρόνον
924 2951 977 3008 τόν
993 2941 1141 3021 βασιλικόν
1153 2953 1181 3003 Β.
1234 2951 1355 3024 ἐφελκύ-

343 3035 388 3072 σει
405 3024 435 3073 Δ.
526 3041 566 3076 ru.
585 3025 722 3090 βασιλικαί
741 3026 771 3075 Α.
862 3039 900 3075 ιτ.
921 3022 1020 3098 Ἀνδρ]
1038 3021 1127 3080 σδτόν
1144 3026 1175 3075 Δ.

202 3211 205 3218 ,
275 3181 309 3216 eo
336 3167 491 3236 spectaculo
519 3167 686 3238 stupefactus
703 3174 732 3219 et
749 3167 809 3237 ipse
826 3169 855 3219 in
874 3168 998 3221 lacrimae
1015 3170 1119 3239 erupit,
1138 3176 1255 3238 eumque
1272 3165 1356 3220 leuari

274 3235 363 3288 iussit.
382 3239 430 3290 iile
450 3253 513 3290 vero
535 3255 564 3290 τε
586 3246 770 3290 surrecturum
794 3255 853 3290 esse
868 3241 992 3307 negavit,
1017 3241 1071 3292 nisi
1092 3241 1167 3290 iussu
1185 3238 1356 3307 imperatoris

276 3305 311 3357 ab
330 3309 423 3378 aliquo
442 3325 476 3361 ex
499 3310 651 3361 uitantibus
669 3317 766 3360 catena
783 3309 819 3360 ad
840 3309 963 3360 tribunal
984 3311 1188 3379 imperatorium
1207 3308 1358 3360 attrahere-

276 3385 321 3427 tur
338 3387 420 3447 utque
437 3381 635 3448 procumberet.
649 3381 749 3432 suctum
769 3389 811 3432 est
826 3388 859 3432 ut
870 3381 952 3450 petiit
959 3380 1142 3443 Andronicus,
1162 3380 1265 3448 Angeio
1283 3381 1358 3429 Isaa-

276 3447 336 3510 ciu,
357 3464 372 3498 a
392 3465 447 3516 quo
477 3459 588 3520 postet
614 3452 728 3519 imperio
747 3458 776 3501 et
793 3451 849 3501 vitu
866 3451 987 3518 privatus
1006 3460 1059 3514 est,
1077 3449 1222 3502 ministro:
1240 3451 1357 3500 admira-

276 3517 354 3568 tione
377 3517 458 3586 dignu
491 3537 546 3584 res,
569 3537 696 3590 quaeque
715 3537 771 3572 non
799 3521 913 3572 fortuito
931 3521 1061 3573 accidisse
1080 3521 1168 3573 videri
1186 3529 1277 3590 queat
1297 3529 1357 3571 tum

276 3594 368 3636 nutem
393 3589 612 3659 splendidissime
631 3601 659 3643 et
683 3590 946 3658 magnificentissime
965 3599 1105 3662 susceptus
1119 3600 1148 3643 et
1164 3591 1358 3642 humanissime

275 3663 425 3723 tractatus,
455 3668 486 3710 ut
514 3661 630 3714 decebat
651 3670 759 3714 tuntum
774 3663 862 3713 virum
882 3679 916 3714 ex
934 3662 1063 3715 diuturna
1078 3663 1296 3733 peregrinatione
1314 3677 1358 3711 re·

276 3743 401 3792 versum,
423 3729 563 3783 Oenueum
584 3733 733 3801 ablegatur,
751 3742 784 3784 ut
802 3732 842 3783 ibi
862 3731 1000 3785 habitaret
1013 3743 1042 3785 et
1058 3751 1092 3786 ex
1109 3733 1265 3803 longinquis
1283 3747 1358 3782 erro-

276 3797 354 3849 ribus
372 3816 401 3850 ue
421 3810 562 3854 recrearet.
590 3805 670 3856 urubo
695 3805 767 3855 enim
792 3811 907 3869 norunt,
936 3806 960 3856 si
992 3821 1047 3856 una
1072 3805 1217 3872 degerent,
1243 3803 1302 3854 iore
1325 3809 1358 3851 ut

276 3877 383 3922 veteres
411 3872 562 3924 simultates
584 3873 812 3926 recrudescerent.
832 3890 923 3942 neque
944 3875 1016 3926 enirn
1037 3876 1191 3944 quieturam
1210 3872 1357 3934 invidiam,

277 3955 368 4008 nuque
393 3943 479 3992 otium
507 3951 612 3996 acturos
641 3961 688 3996 eos
708 3945 809 4014 quibus
834 3947 925 3996 studio
947 3955 988 3997 eut
1018 3945 1186 3997 criminando
1203 3944 1357 4013 principum

278 4018 386 4079 captare
404 4013 636 4076 beniuolentiam,
655 4024 684 4066 ut
701 4017 771 4068 alios
787 4015 978 4068 calumniando
991 4035 1053 4068 uuus
1071 4033 1138 4086 opes
1154 4015 1261 4067 firmare
1278 4011 1359 4065 etad

279 4083 401 4134 uitiorum
421 4083 560 4152 diguitatis
579 4086 690 4152 gradum
708 4087 862 4138 ascendere.

349 4157 371 4208 3.
408 4155 471 4208 Erut
492 4156 572 4224 igitur
588 4157 757 4210 Andronicus
771 4158 866 4228 procui
883 4157 974 4210 aiore
992 4165 1019 4208 et
1038 4156 1197 4218 usuimiue,
1215 4155 1245 4208 in
1261 4153 1357 4209 volu»
