3017 4892
859 236 871 268 t

268 291 354 380 266
607 320 780 387 uicerat·
814 294 1049 388 cuouutrn

262 473 374 555 βληντο
389 468 640 555 παραίρὰμοιμι,
662 465 766 554 ὥσπερ
781 471 836 534 καί
854 471 892 535 τὰ
905 474 1014 536 ποθεῖν
1027 468 1175 552 νεάματα
1195 470 1230 536 έν
1249 470 1348 557 ἀρσὰ-

263 593 337 653 ραις
357 571 411 634 καί
428 563 600 655 vailameri
612 568 735 656 ἀρότρῳ
756 571 930 651 ἀιασχίςειν
950 563 1116 649 αὔλακας,
1140 571 1176 647 ἐξ
1195 561 1239 634 ὧν
1259 573 1348 658 edrai

230 659 498 752 υὰνάρυμεχίθης
519 667 707 750 ἀνέβλαστεν
736 661 888 749 ὰσταχυς.
935 659 976 750 ἧν
1004 668 1040 732 δὲ
1066 666 1107 732 τὰ
1136 667 1347 753 συλλεγόμενοι

261 764 415 851 χρήματα
434 769 488 830 ὀυ’
518 768 665 832 τοσοῦτον
696 766 875 850 dae-ipsese
903 767 1117 849 ἀποτιθέμενα
1136 761 1160 851 ἢ
1178 771 1272 854 μυχῷ
1289 771 1348 851 γῆς

262 861 563 948 έγκατορυττὸμενα,
596 860 672 930 ὅσον
703 867 901 950 ἀμφοτέραις
928 859 1162 948 ἀπσκενοὰμενα
1181 869 1238 930 καί
1253 860 1375 950 ἀρετ-5

262 965 326 1040 δυὰς
354 958 556 1047 παρεχόμενα
584 966 767 1048 sulpurata
785 968 844 1046 μὲν
872 962 928 1029 καί
942 967 1085 1046 τεμένεσι
1105 962 1162 1029 καί
1175 964 1347 1046 Ῥωμαίοις

261 1061 519 1146 έλασσοομένοις,
538 1061 578 1128 τὰ
601 1064 636 1127 δὲ
656 1067 787 1128 πλεῖστα
806 1071 878 1138 ταῖς
893 1065 957 1128 τῶν
976 1065 1081 1128 ἐθνῶν
1099 1063 1348 1147 μεταγχιζάμενα

261 1166 494 1246 πανσπερμίαις
504 1210 515 1243 ,
535 1163 591 1227 καί
609 1161 748 1243 μάλιστα
767 1171 836 1237 ταῖς
856 1168 1045 1237 Λατινικαῖς
1061 1163 1208 1245 έκρέοντα
1228 1160 1345 1253 ὅμηγὰ-

161 1267 193 1322 V.
206 1283 342 1348 re9peet.
384 1262 578 1346 φιλοδωρίας
598 1258 658 1344 γὰρ
680 1260 884 1342 μεταδιώκων
910 1263 1061 1340 ἐπίδειξιν
1081 1261 1210 1337 ἀσώτως
1231 1257 1345 1345 έσκὰρ.

261 1361 332 1439 πιζε
351 1357 408 1424 καί
418 1402 420 1412 ·
437 1357 601 1444 ἀνήλισκεν
630 1353 709 1444 ἀπερ
742 1354 941 1446 ἀμφοτέραις
960 1361 1124 1443 συνέλεγε,
1144 1358 1220 1435 roric
1239 1353 1345 1444 ἄκρους
1357 1390 1393 1434 ιο

260 1457 471 1544 κερματιστὰς
493 1456 685 1544 φροντιστὰς
704 1463 767 1524 τάν
790 1460 1072 1544 οἰκεὰονέφιστῶν.
1112 1461 1211 1543 μέρος
1232 1461 1268 1523 dl
1287 1464 1345 1542 τῆς

261 1558 401 1651 δαπάνης
429 1561 551 1644 καίριον
583 1550 664 1643 ἦσαν
696 1561 751 1622 καί
780 1551 850 1623 ὅσοι
882 1562 953 1626 καθί
977 1550 1058 1639 αἷμα
1079 1558 1271 1638 συνήπτοντο
1289 1556 1346 1623 καί

259 1650 362 1732 ἄλλως
392 1651 553 1745 ᾠκείωντο.
601 1659 717 1722 αάτίκα
735 1656 881 1741 τοίνυνῆ
908 1652 1027 1739 ἀνεψιὰ
1052 1656 1223 1740 Θεοάἀρα,
1246 1648 1345 1744 §sat

260 1756 318 1843 (ric
339 1755 472 1844 ἔφημεν)
504 1758 689 1842 ἐπλησίαζε,
718 1754 967 1841 βασιλικατάτης
984 1763 1107 1839 μετεῖχε
1128 1757 1324 1842 δορυφορίας
1330 1803 1342 1838 ,

258 1861 313 1923 καί
331 1856 395 1941 μην
416 1858 455 1922 ed
470 1858 679 1942 ἀναδουμένη,
700 1855 758 1921 καί
773 1858 837 1922 τάν
856 1855 994 1942 ἀρχείων
1006 1855 1212 1939 βαρουμέναν
1230 1857 1342 1940 παριέ·
1354 1864 1392 1928 15

258 1981 312 2022 ναι
332 1949 450 2041 ἤθελε,
473 1960 528 2022 καί
547 1954 625 2022 κατὰ
647 1955 786 2042 φυσικήν
805 1957 866 2038 μέν
885 1953 1027 2040 ἰδιότητα
1047 1951 1190 2037 σοβαρὰν
1208 1957 1343 2019 ἕλκουσα

160 2064 189 2120 P.
202 2064 247 2124 133
257 2054 314 2140 την
335 2053 439 2142 ἀφρὰν
462 2057 519 2122 καί
548 2049 615 2122 ἀνω
635 2054 671 2121 τὰ
693 2049 782 2138 ὄμμα
813 2055 975 2136 τείνουσα,
997 2053 1031 2120 τὰ
1052 2057 1088 2118 δὲ
1109 2056 1203 2117 πλέον
1222 2053 1343 2138 ἀγέρω·

252 2177 314 2238 ’χον
333 2159 503 2238 βλέπουσα.
520 2158 575 2220 καί
594 2154 611 2219 ἀ
631 2157 666 2220 ἐκ
686 2158 803 2239 ταύτης
823 2157 860 2220 δέ
874 2151 1041 2238 γενόμενος
1061 2154 1102 2240 τῷ
1121 2157 1253 2235 βασιλεῖ
1267 2159 1344 2228 παῖς

256 2255 312 2320 καί
332 2257 446 2340 ἐφεξῆς
466 2257 567 2339 ἕτεροι
588 2249 665 2332 ὅλας
687 2249 853 2330 θαλὰσσας
871 2251 1045 2339 χρημάτων
1064 2256 1109 2329 εἰς
1131 2249 1262 2327 ἓαυτοὰς
1281 2273 1342 2333 με,

255 2355 440 2436 ταχέτευον.
482 2347 607 2432 εὔκολος
627 2357 663 2420 δὲ
677 2349 721 2420 ἀν
742 2353 798 2419 καί
816 2354 1005 2439 εάχείροττος
1025 2361 1090 2428 τοῖς
1112 2344 1391 2437 nacterstede-se

256 2477 291 2518 σι
311 2457 366 2517 καί
384 2448 620 2539 θάλαμηπὸλοις
640 2453 815 2537 ἐκτομίαις,
836 2453 919 2518 ἀλλὰ
941 2451 980 2536 δη
1003 2457 1059 2518 καί
1077 2461 1140 2529 τοῖς
1161 2445 1226 2516 dut.
1242 2453 1341 2534 γενῶν

255 2547 823 2646 ἕτεροχλεὰττιον·ἀποβαρβαριζουσιν
850 2549 1040 2638 ὑπηρέταις,
1062 2542 1107 2616 ὧν
1124 2548 1142 2614 ὅ
1162 2553 1264 2626 σίελος
1281 2552 1341 2614 τοῦ

256 2649 348 2732 λόχου
378 2654 633 2736 προηκοντίζετο,
663 2661 728 2726 τοῖς
748 2652 924 2738 ῥυηφενέσι
952 2650 1008 2716 καί
1035 2647 1161 2725 τούτους
1184 2652 1341 2724 ἒνὲταττεν
1367 2736 1375 2742 ¹

255 2750 396 2827 εάπετάς
417 2747 455 2816 τὰ
476 2749 577 2817 πολλὰ
589 2750 623 2817 τὰ
641 2744 696 2828 οὖς
718 2753 831 2828 αὐτοῖς
850 2752 1034 2833 ὰποκλιναν,
1056 2753 1112 2816 καί
1128 2747 1209 2836 ἅπερ
1228 2748 1340 2837 η’τοῦν.

328 2939 368 3004 ιη.
387 2919 445 2993 τίς]
465 2919 498 2971 τὰ
518 2923 566 2986 τῆς
585 2922 673 2990 vulgo.
732 2925 771 2975 15.
788 2917 846 2991 μὰν
864 2918 911 2994 odl
934 2921 960 2971 εί
976 2917 1015 2990 μὰ
1034 2897 1340 2989 φιλοκαλημίνα“ἧσαν

323 3009 357 3044 τα
378 2993 528 3064 μάρμιιρα,
545 2993 641 3048 tuero
662 2997 856 3064 περιπατῆσαι
874 2997 932 3062 οὐκ,
944 2989 1047 3056 ἤθελεν
1065 2991 1093 3039 B.

256 3147 368 3199 scidisse
387 3163 437 3198 nec
457 3146 514 3214 ipse
535 3145 705 3198 dissimulare
726 3163 845 3214 possum.
866 3144 915 3196 sed
930 3145 1047 3215 pecunia
1060 3143 1113 3194 boc
1125 3140 1207 3192 modo
1225 3137 1338 3191 collecta

255 3235 311 3270 uon
340 3225 395 3268 mm
427 3218 457 3268 in
486 3217 629 3269 thesauros
652 3217 822 3268 referebatur
847 3232 928 3284 quam
952 3225 1068 3284 utraque
1085 3230 1167 3264 rnauu
1188 3210 1340 3262 liberaliter

256 3287 459 3352 effundebatur,
480 3288 627 3357 partimin
648 3289 827 3349 monasteria,
846 3303 932 3337 sacras
947 3287 1027 3337 aedes
1047 3294 1074 3337 et
1090 3299 1223 3353 pauperes
1242 3282 1340 3331 Roma-

255 3377 325 3422 nos,
355 3361 453 3428 partim
479 3375 560 3423 vere,
589 3365 617 3410 et
642 3359 758 3410 munima
776 3355 886 3428 quidem
907 3373 941 3407 ex
960 3366 1052 3426 parte,
1071 3356 1099 3406 iu
1121 3353 1209 3406 varias
1228 3358 1339 3422 gentes,

255 3428 367 3480 Latinas
395 3429 562 3497 praesertim.
591 3445 654 3481 nam
674 3446 709 3479 ex
727 3427 930 3479 maruiiiceutiae
957 3427 1139 3478 ostentatione
1161 3428 1244 3476 effuse
1264 3437 1341 3490 spar-

256 3497 338 3566 gebat
357 3507 385 3549 et
406 3499 561 3551 insumebat
579 3517 609 3550 ea
630 3516 701 3569 quae
717 3508 835 3568 utraque
854 3515 936 3549 mauu
956 3499 1115 3564 collegerat,
1142 3503 1172 3546 et
1195 3492 1340 3544 acerbissi-

255 3585 313 3620 mos
331 3575 469 3620 exactores
496 3579 653 3639 quaestores
676 3570 844 3638 designabat.
871 3567 993 3620 iniusta
1021 3575 1178 3634 sumptuum
1195 3567 1272 3634 parte
1291 3561 1340 3612 illa

256 3639 340 3690 etiam
360 3640 573 3692 nrrnrerabantur
591 3657 661 3710 quae
680 3642 708 3692 iu
727 3649 855 3710 cognatos
881 3646 909 3690 et
929 3637 1075 3688 familiares
1092 3635 1258 3687 conferebat
1276 3649 1340 3683 nam

255 3709 345 3778 neptis
363 3711 422 3760 eius
443 3709 603 3772 Theodora,
622 3715 708 3774 casius,
727 3721 758 3762 ut
775 3710 847 3772 dixi,
866 3707 1064 3760 consuetudine
1083 3707 1227 3769 utebatur,
1244 3721 1341 3775 quam-

256 3780 296 3830 vis
314 3779 409 3848 expers
426 3778 601 3844 diadematis,
628 3791 719 3836 tamen
740 3783 869 3833 comitatu
887 3780 968 3848 plane
986 3779 1059 3846 regio
1081 3779 1222 3841 utebatur,
1240 3774 1340 3827 mulier

257 3851 434 3918 superciliosa
460 3859 488 3902 et
505 3868 647 3918 arrogans,
674 3869 745 3922 quae
763 3852 896 3921 palatium
921 3849 975 3901 nisi
993 3849 1129 3920 exquisite
1146 3853 1339 3918 perpurgatum

258 3919 363 3987 ingredi
383 3921 533 3971 recusabat.
554 3922 602 3972 sed
620 3932 648 3975 et
666 3925 723 3974 sdio
746 3940 779 3974 ex
796 3940 828 3974 ea
847 3928 988 3990 procreato
1009 3928 1037 3970 et
1057 3919 1119 3970 aliis
1138 3917 1264 3987 pluribus
1279 3920 1338 3965 tota
1418 3935 1422 3943 ·

257 3991 341 4042 maria
360 3992 492 4061 pecuniae
506 3992 660 4045 attinebant.
681 3993 816 4045 Eunucbis
828 4008 938 4062 quoque
956 3989 1131 4041 cubiculariis
1152 3987 1267 4056 aliisque
1285 3983 1338 4032 mi-

255 4061 348 4114 nistris
376 4081 407 4113 es
440 4059 587 4130 pere'griuis
620 4066 685 4116 ortis
712 4063 879 4125 nationibus,
896 4060 1096 4122 semibarbaris,
1117 4059 1165 4128 qui
1184 4053 1338 4126 expeditius

257 4134 393 4202 spuebant
411 4149 491 4202 quant
512 4133 706 4202 loqrrebantur‚
729 4143 788 4186 erat
807 4133 895 4184 facilis
916 4141 944 4184 et
961 4133 1103 4198 benignus,
1123 4145 1222 4194 eosque
1247 4127 1276 4176 iu
1295 4123 1338 4174 di·

255 4205 340 4258 vitun
364 4221 505 4260 uruuerum
526 4205 679 4267 rescrebat,
713 4215 742 4258 ut
771 4207 869 4260 acervis
894 4204 1071 4274 pecuniarum
1095 4210 1122 4253 et
1144 4199 1218 4250 oraui
1240 4210 1340 4266 genere
