3017 4892
291 309 322 410 l
616 318 791 394 atcerte
818 321 1052 390 estonum

292 489 349 540 lem
359 483 476 547 obsidet,
484 497 556 556 quae
564 480 684 550 pecunia
695 475 910 530 incolumitatem
920 473 1040 532 redemit
1047 478 1192 532 Personam
1204 471 1373 530 insidiosas·

292 560 386 632 puisat
403 556 452 623 (8).
488 552 615 607 isaacius
633 549 785 602 comnenus
808 547 899 617 fratri
913 546 1036 600 iohanni
1056 545 1264 601 reconciliatur.
1283 560 1375 599 novas

291 625 479 699 expeditiones
505 625 540 675 'in
556 622 663 675 Persas.
690 619 807 670 militam
834 613 994 686 indignatio
1021 629 1049 670 et
1066 615 1243 687 imperatoris
1259 629 1375 683 magam

291 699 408 751 animus.
428 711 462 747 ex
481 691 567 746 editio
585 701 683 744 οοιιιτα
700 699 850 752 tyrannam
867 687 1115 757 Παγοτιιιιιὶιιιιιιι,
1134 698 1163 738 et
1172 685 1324 754 praeclara
1343 685 1375 736 ἰιι

290 771 392 823 Persas
415 713 481 818 belii
504 773 590 833 gesto.
633 759 773 812 Manuelt's
803 757 935 809 Comneni
950 755 1017 825 filii
1039 757 1178 827 egregium
1195 755 1316 826 facinus
1336 751 1377 806 ud

290 840 510 892 Neocaesaream
529 831 577 902 (9).
613 827 747 882 Iohannis
761 827 857 879 isaaci
868 826 932 897 filii
949 844 967 878 a
1001 839 1061 881 atre
1081 829 1245 894 imperatore
1265 821 1376 876 adSule

290 921 389 961 tanum
406 902 537 976 deficti03
554 899 625 952 unde
644 917 699 949 non
717 898 819 969 exigua
836 846 1015 949 tncommoii.
1053 895 1225 950 Christianos
1244 890 1375 965 quosdam

288 976 444 1050 perduelles
473 976 623 1043 imperator
640 967 780 1029 debellat,
813 980 839 1019 et
863 966 1069 1021 calamitatibus
1092 965 1247 1020 domesticis
1273 965 1377 1035 premi·

291 1061 340 1100 tur
357 1045 422 1114 (ιο).
458 1041 647 1098 Λπιίοοίιεπσε
665 1036 849 1110 expeditionis
866 1037 966 1090 malum
984 1038 1137 1089 consilium.
1154 1036 1281 1090 uiolatae
1298 1034 1376 1086 urbis

292 1116 343 1170 dat
359 1133 462 1186 poenm
494 1115 667 1172 Cemmenus,
695 1109 725 1159 in
742 1110 894 1161 venatione
911 1119 1051 1161 venenato
1070 1125 1119 1160 sao
1137 1107 1192 1159 telo
1210 1105 1375 1157 veilaeratas
1402 1135 1409 1147 ι

292 1186 366 1240 unde
383 1188 468 1256 plaga
486 1179 701 1236 immedicabilis.
719 1177 752 1230 de
771 1176 890 1232 eiusdem
910 1179 986 1230 obita
1001 1177 1121 1230 oracula
1138 1175 1205 1246 (ιι).
1241 1173 1376 1228 Iohannis

293 1257 426 1310 comneni
445 1256 575 1308 morituri
592 1251 684 1304 oratio
703 1246 742 1299 ad
760 1260 892 1316 cognatae
909 1251 1012 1299 amicos
1029 1258 1056 1299 et
1072 1258 1222 1316 magnates.
1259 1246 1375 1296 Mamas·

290 1327 344 1379 ism
363 1328 474 1378 isaacio
492 1331 561 1378 aaut
577 1320 681 1375 maiori
717 1318 822 1389 raesert
839 1331 868 1372 et
882 1333 1063 1370 successorem
1079 1320 1213 1370 nominat.
1231 1316 1266 1366 ab
1283 1314 1375 1367 omni-

292 1395 343 1450 λιιι
359 1397 476 1450 manuel
494 1398 646 1467 imperator
661 1407 692 1444 sa
755 1403 810 1442 tur.
857 1387 999 1442 Iohannis
1019 1386 1152 1443 comneni
1167 1386 1258 1442 obitas
1275 1398 1302 1439 et
1317 1386 1377 1438 elo·

291 1467 341 1538 sia
359 1466 424 1536 (¹2)-

733 1599 948 1613 -..n-

141 1810 188 1862 Ed.
202 1810 287 1862 Pam
383 1811 410 1852 ι.
443 1759 645 1871 Ᾰὶὲστορίαι
660 1779 771 1868 iidoc
783 1787 1015 1868 animositate
1027 1785 1139 1870 χρῆμα
1152 1787 1195 1872 τῷ
1207 1787 1266 1876 βίφ
1281 1780 1377 1870 ipsei-

137 1887 416 1977 E‘l·V²¹¹·²prprtat,
443 1887 529 1972 εἴπερ
549 1887 585 1952 ἐκ
606 1883 726 1950 τούτων
748 1883 806 1948 ode
827 1882 920 1968 ὄλίγα
939 1881 1008 1950 ἔστι
1028 1889 1186 1968 ξυλλέγειν
1207 1881 1246 1950 aci
1267 1885 1378 1968 βελτίω

294 1995 359 2064 τοῖς
377 1985 556 2074 ᾑρημένοις.
607 1985 725 2047 εἰδυῖαι
752 1981 814 2066 γὰρ
834 1983 876 2046 τοὶ
898 1985 1021 2066 tippula
1040 1987 1094 2060 stol
1111 1983 1172 2068 ἔθη
1195 1975 1291 2047 αὗται
1309 1983 1378 2046 δια·

293 2089 465 2170 τρανοῦσιν
498 2081 683 2165 ἀνθρώπεια
713 2080 770 2145 καί
798 2081 1008 2163 πολυπειρίαν
1025 2078 1247 2163 ὖποτιθὲασιν,
1269 2077 1379 2163 ὁπόσοι

294 2190 356 2250 ταῖν
387 2183 566 2267 ἀνθρώπων
596 2181 872 2263 μεγαλογνῶμονες
900 2179 959 2244 καί
983 2184 1041 2244 τοῦ
1069 2185 1171 2244 καλοῦ
1198 2175 1406 2264 αὕτόφυτονὸ

292 2286 461 2368 τρέφοντες
484 2278 602 2365 ἔρωτα·
656 2280 712 2342 καί
729 2281 824 2341 κακία
845 2280 881 2344 ii
901 2281 975 2363 παρ’
1008 2280 1124 2353 αυτοῖς
1145 2279 1380 2366 ,κωμῳδουμένη

294 2380 348 2446 καί
367 2381 589 2464 ἅγαβοιτραξία
610 2379 794 2462 ἐξαιρομένη
814 2381 963 2459 μετρίους
987 2377 1032 2454 ὥς
1051 2375 1090 2442 aci
1115 2374 1215 2441 πολλὰ
1235 2379 1290 2442 καί
1311 2379 1380 2441 ἐπι-

296 2475 440 2554 διδόντας
460 2477 534 2553 τούς
554 2481 631 2561 παρ’
651 2471 785 2560 ἑκάτερα
804 2477 932 2541 τιθέασι
952 2477 1116 2561 dimanat,
1136 2470 1206 2541 ὅσοι
1223 2481 1300 2554 τέως
1320 2471 1383 2560 οὔχ

295 2577 349 2644 ὑπ’
371 2579 535 2660 αἰσχίστης
557 2573 726 2660 συνηθείας
737 2575 793 2638 καί
811 2573 1012 2661 φαυλοτάτης
1032 2579 1124 2654 ἕξεως
1143 2574 1382 2661 οἶνεπιοτρόφως

267 2675 407 2762 Ripaeos
436 2679 493 2740 roi
513 2670 727 2760 πολυεράστου
747 2671 913 2759 χρήματος
935 2678 1067 2761 α’ρετῆς,
1094 2674 1165 2739 ἐπεί
1181 2675 1237 2740 καί
1258 2674 1380 2740 cidari·
1394 2695 1431 2735 ιο

295 2801 361 2853 τοις
383 2777 506 2842 ἐοίκασι
534 2773 693 2859 δήπουθεν
712 2775 824 2859 θνητοί
841 2773 896 2840 καί
915 2773 1057 2859 ἒπίιιηροι
1074 2775 1230 2858 γεγονότες
1248 2778 1304 2839 ναί
1320 2772 1382 2840 πά-

296 2883 350 2940 λαι
374 2875 409 2940 τὸ
429 2877 484 2959 ζῆν
503 2872 749 2954 εἰιτοξείσαντες,
771 2868 865 2949 ὅσους
891 2869 1082 2959 παρειλήφει
1103 2873 1140 2937 τὸ
1161 2874 1305 2958 ἱστορεῖν.
1328 2872 1381 2958 ὄρ-

296 2977 365 3049 daie
387 2971 448 3059 γὰρ
475 2967 693 3058 ἢτοίνάντιον
709 2967 842 3058 φαύλως
866 2970 1050 3054 βεβιωκότες
1071 2968 1110 3036 sd
1125 2997 1160 3036 τε
1172 2977 1226 3036 καί
1244 2975 1382 3057 αἰσχροῖς

274 3075 276 3080 ’
302 3070 482 3137 αἰιουύυσιν.
531 3069 588 3135 καί
615 3075 673 3135 τοῦ
693 3073 752 3152 μὲν
775 3073 808 3146 ἐς
825 3066 907 3158 ᾅδου
926 3075 1056 3155 βέβηκεν
1077 3072 1097 3155 ἡ
1117 3069 1225 3153 ψυχή,
1248 3069 1328 3154 πρὸς
1346 3074 1382 3135 δὲ

299 3170 339 3236 τὰ
360 3175 393 3250 ἐξ
415 3163 461 3236 ὧν
481 3167 629 3256 ἡρμόσθη
650 3167 687 3234 τὸ
706 3169 800 3250 σῶμα
820 3169 1091 3256 ὲπαλινδρόμησε·
1110 3169 1149 3234 τὰ
1173 3173 1209 3233 δὲ
1229 3173 1302 3254 παρ’
1323 3171 1432 3235 asi-15

368 3305 393 3374 l.
412 3307 601 3426 πηλυπειηίας
618 3303 660 3358 W.
732 3323 758 3378 η.
776 3303 960 3378 ἐξαιρουμίνη
980 3305 1023 3360 W·
1103 3307 1130 3358 8.
1148 3307 1262 3358 τιθέασι
1280 3319 1333 3356 om.
1350 3307 1381 3358 Δ.

375 3392 412 3426 ιι.
451 3393 522 3437 qaeu
564 3414 570 3426 .

391 3533 413 3570 ι.
451 3473 584 3568 Utiliter
611 3520 737 3572 inventae
755 3526 820 3569 sunt
834 3517 982 3582 historiae,
999 3537 1090 3589 neque
1106 3535 1201 3590 parvas
1220 3519 1254 3570 iia
1274 3522 1322 3588 qui
1341 3536 1384 3572 re·

301 3589 352 3639 but
373 3587 532 3638 melioribus
550 3587 661 3641 student
670 3589 876 3642 commoditates
895 3591 1151 3660 suppeditantem
1169 3593 1310 3642 vetustatis
1328 3607 1386 3642 me·

301 3659 386 3710 moria
406 3656 633 3725 repetenda,tu1n
651 3659 768 3728 ingeniis
780 3659 920 3712 hominum
940 3663 1117 3730 explicandis,
1136 3672 1193 3712 tum
1203 3661 1284 3713 variis
1294 3678 1386 3713 eorum

302 3729 446 3779 conatibus
467 3725 502 3776 ob
521 3727 613 3779 oculos
634 3729 782 3796 ponendis,
807 3731 908 3799 quihus
926 3734 1078 3784 animorum
1096 3730 1255 3799 magnitudo
1283 3741 1311 3782 et
1336 3731 1387 3782 ho-

301 3799 415 3850 nestatis
435 3814 509 3848 amor
528 3797 561 3850 ab
581 3797 640 3866 ipsa
650 3807 747 3851 natura
764 3800 818 3852 suit
834 3802 940 3854 insitus.
961 3805 1015 3854 iam
1033 3805 1098 3871 quia
1117 3803 1182 3852 vitia
1202 3802 1389 3870 perstringunt

303 3877 331 3920 et
350 3869 500 3938 praeclaras
518 3869 638 3920 actiones
657 3869 813 3934 celebrant,
831 3873 1026 3925 moderatiores
1042 3874 1202 3942 plerumque
1222 3870 1340 3924 reddunt
1359 3879 1389 3924 et

301 3939 429 3990 meliores
461 3935 602 4004 homines,
625 3947 680 3991 tam
702 3941 737 3992 ad
757 3942 825 3993 vitia
854 3960 936 4012 quant
963 3943 998 3994 sd
1025 3943 1152 3995 vitutem
1171 3958 1334 4011 propensos,
1354 3942 1388 3994 iis

303 4007 436 4060 duntaxat
454 4010 589 4077 exceptis,
619 4011 668 4080 qui
684 4013 840 4080 turpissima
866 4013 1028 4065 educatione
1047 4013 1215 4082 corruptius
1233 4011 1303 4062 mala
1321 4029 1388 4064 con·

304 4077 448 4130 suetudine
467 4079 607 4148 depravati
634 4081 737 4132 nullam
764 4083 872 4134 virtutis
891 4083 1025 4136 rathnem
1043 4081 1165 4148 habent,
1203 4097 1238 4132 ua
1254 4080 1326 4134 nihil
1345 4090 1389 4135 est

303 4151 333 4201 in
353 4149 433 4200 rebus
444 4149 569 4202 humanis
586 4153 751 4220 praeclarius
762 4161 811 4204 aut
829 4153 914 4220 magia
931 4153 1121 4222 expetendum.
1142 4153 1177 4205 ad
1233 4167 1265 4202 ec
1276 4152 1298 4202 ii
1317 4169 1387 4222 quos

235 4269 243 4282 ,
305 4219 471 4274 monimenta
489 4221 663 4276 historiarum
683 4223 917 4293 complectuntur,
944 4225 1067 4296 quanvis
1082 4223 1210 4279 mortales
1228 4231 1258 4276 ct
1274 4221 1388 4276 obnoxii
