3017 4892
337 368 409 426 vlt!
651 362 827 426 rauuo'rt
863 363 1095 429 seuuemo,

336 519 449 580 frustra
475 537 537 582 esee
563 538 615 580 eos
648 522 702 602 qui
731 518 849 580 Gallico
882 519 1012 602 imperio
1041 518 1116 580 lines
1150 526 1307 600 statuunt,
1338 519 1422 602 quod

335 626 496 688 Gallorum
517 626 614 688 virtus
629 628 740 688 invicta
760 648 822 688 non
844 626 954 687 linibus
972 629 1061 688 certis
1081 625 1136 689 sed
1155 624 1230 687 orbe
1243 625 1418 690 claudatur.

335 735 367 796 lsi
391 735 575 798 Germaniae
595 732 747 816 principes
768 733 860 794 armis
881 731 1042 793 Gallorum
1061 731 1237 794 victricibus
1257 732 1420 793 exterritos

332 842 484 926 quievisse
507 843 644 915 neutrive
665 839 821 921 partisese
836 836 985 899 addixisse
1005 838 1151 920 tradent;
1173 859 1235 922 quo
1255 839 1336 902 fecto
1359 839 1421 902 sibi

333 949 521 1032 posterisque
540 946 602 1007 suis
625 945 798 1008 consultum
824 944 948 1007 iverunt
971 955 1002 1007 et
1022 945 1228 1007 imminentem
1247 947 1338 1008 rebus
1357 949 1421 1009 suis

333 1056 449 1116 exitum
479 1052 673 1137 depulerunt.
704 1051 737 1114 hi
760 1049 865 1114 Gallos
896 1053 990 1136 copiis
1018 1038 1109 1138 longe
1137 1055 1267 1137 impares
1294 1053 1421 1118 classem

332 1161 474 1224 hostilem
507 1163 655 1232 devicisse
673 1159 913 1244 praedicabunt,
945 1173 977 1221 et
998 1181 1049 1222 eos
1071 1161 1184 1244 quide
1204 1163 1300 1246 gloria
1319 1175 1421 1225 certa·

331 1279 419 1330 turos
440 1288 471 1328 se
491 1269 663 1352 putabant,
684 1268 788 1329 statim
809 1265 868 1329 sibi
890 1267 929 1328 de
944 1265 1042 1329 salute
1063 1267 1242 1329 oertandum
1262 1268 1424 1333 intellexis-

331 1397 384 1454 se,
405 1377 526 1440 tametsi
547 1377 676 1460 superba
699 1379 784 1440 natio
803 1397 896 1440 naves
914 1375 1061 1455 solvisset,
1081 1387 1118 1438 ut
1137 1380 1223 1461 qnasi
1241 1399 1293 1460 per
1313 1377 1421 1440 ludum

331 1483 492 1566 iocumque
505 1483 637 1546 Gallicas
658 1484 851 1566 deprimeret.
893 1481 973 1546 Galli
994 1505 1059 1546 uon
1085 1498 1213 1546 numero
1232 1483 1285 1546 sed
1305 1486 1422 1547 virtute

331 1602 505 1652 censentur.
525 1590 597 1652 hinc
618 1591 729 1652 feroces
750 1590 898 1652 exercitus
918 1611 1010 1674 saepe
1032 1589 1072 1652 ab
1094 1589 1144 1652 lris
1164 1600 1350 1673 expugnatos
1372 1593 1422 1653 si·

330 1699 422 1773 deas,
457 1698 528 1760 hine
543 1701 636 1761 etiam
664 1709 820 1759 terrestres
843 1699 947 1780 copias
972 1699 1005 1759 in
1027 1718 1111 1780 spem
1131 1697 1281 1761 victoriae
1302 1707 1421 1761 erectas

333 1805 374 1865 ob
397 1815 588 1887 superantem
614 1803 846 1864 multitudinem
880 1800 996 1864 deletas
1016 1805 1209 1884 attritasque.
1237 1814 1309 1865 cant
1338 1826 1423 1865 nuuc

330 1914 383 1994 qui
403 1921 487 1972 retro
519 1920 692 1994 temporum
717 1912 872 1973 ministros
897 1910 1039 1972 laudibus
1062 1909 1095 1971 in
1115 1911 1237 1973 eoelum
1260 1910 1419 1974 extollunt.

329 2018 399 2095 Tu,
432 2016 620 2078 Cannrnaurs
642 2015 905 2095 Etiamnunc,
936 2038 1006 2078 cum
1036 2016 1116 2078 fasce
1144 2039 1299 2079 armorum
1322 2017 1422 2100 plures
1489 2078 1490 2085 ,

331 2128 435 2186 vinces
465 2144 557 2204 quam
577 2123 630 2183 alii
650 2123 806 2206 explicatis
834 2126 937 2187 armis.
979 2127 1030 2186 Tu
1053 2124 1158 2187 vivida
1178 2137 1281 2186 mente
1301 2125 1370 2186 Tua
1391 2137 1423 2187 et

329 2231 428 2314 sagaci
455 2225 588 2290 consilio
619 2229 682 2310 regi
718 2230 992 2309 christianissimo,
1026 2251 1118 2312 quem
1139 2229 1200 2290 iam
1219 2229 1322 2313 populi
1341 2253 1422 2314 pene

330 2357 434 2410 omnes
454 2331 606 2410 adorant,
642 2334 746 2416 plures
779 2335 953 2420 triumphos
973 2335 1094 2420 parabis
1114 2358 1207 2420 mam
1228 2338 1281 2399 alii
1301 2339 1334 2399 vi
1353 2361 1423 2401 ma·

331 2465 442 2530 nisque.
463 2463 556 2526 perge
588 2441 678 2504 modo
708 2443 754 2506 rei
775 2443 918 2528 publicae
938 2444 1106 2537 litterariae
1124 2445 1266 2528 prodesse
1285 2457 1315 2508 et
1334 2445 1421 2509 litte·

332 2553 405 2612 ratis
427 2549 602 2612 hominibus
622 2549 748 2632 favere,
771 2553 836 2614 sine
853 2552 964 2636 quibus
989 2554 1127 2615 virorum
1146 2552 1309 2615 illustrium
1330 2553 1420 2632 facta,

331 2663 432 2724 statim
455 2672 546 2744 atque
564 2660 699 2722 animam
720 2661 946 2744 deposuerunt,
973 2662 1181 2740 intercidunt,
1201 2671 1235 2725 et
1256 2683 1328 2722 cum
1345 2684 1420 2724 cor·

333 2789 409 2852 pore
430 2779 557 2852 maguae
575 2789 699 2852 quoque
717 2767 836 2830 animae
855 2769 1098 2854 extinguuntur,
1117 2770 1192 2832 dum
1212 2768 1351 2832 silentur.

529 2905 796 2972 ElllNEllTlAE
816 2906 936 2971 TUAE

788 3492 1013 3556 addictissimus

665 3617 819 3670 CAROLUS
840 3615 990 3671 ANNIBAL
1012 3612 1200 3668 FABROTUS.
