3017 4892
343 329 396 392 ne
427 307 618 393 uanum
647 325 845 395 consumo
875 331 950 448 nra.
974 333 1043 395 vra.
1148 329 1226 415 2-71

139 480 238 564 ι’σχόν
274 477 408 564 ῆρωϊκός
437 477 492 541 καί
511 478 609 554 πολός
638 477 693 559 τῆν
713 481 841 544 σύνεσιν
849 531 858 562 ,
880 477 970 545 ἔθετο
989 482 1154 545 παόουσαν
1174 480 1233 557 τάς

139 581 242 666 μονάς
277 576 536 660 ε’μπλατόνεσθαι
571 573 717 662 ιιτῆσεσι,
737 583 925 664 τεθνηκυῖαν
944 579 1044 669 πάλαι
1064 581 1108 664 τῷ
1125 577 1231 668 χρόνῳ

141 681 198 746 καί
218 677 255 743 τό
286 679 379 761 κῦρος
414 675 631 760 ἀποθεμένην,
652 679 695 764 τῆν
714 679 843 766 ε’ρυθρηῖ
862 681 918 762 τῆς
937 678 1099 761 βασιλείου
1121 682 1231 763 βαφῆς

141 777 189 854 ὥς
224 779 336 859 αἵματι
366 772 560 857 ἀναθάλψας
585 773 737 854 diuinum.
793 779 835 841 ου’
854 776 918 861 μῆν
952 778 988 842 δὲ
1009 775 1090 841 ἀλλά
1112 775 1167 840 καί
1185 780 1230 866 τῷ

112 877 245 962 ὄπατρί
264 873 319 939 καί
337 877 381 962 τῷ
403 871 518 962 πάππῳ
541 876 595 938 καί
614 883 680 949 τοῖς
700 877 772 940 καθ’
796 870 878 957 αἷμα
898 871 1092 960 προσῆκουσι
1112 883 1231 951 λοιποῖς

142 970 280 1057 ἅπασιν,
307 971 417 1040 ὁπόσοι
447 969 545 1054 μονάς
576 968 760 1054 δειμάμενοι
790 969 850 1038 δλα
866 979 991 1059 πλέθρα
1020 977 1080 1057 γῆς
1111 995 1230 1058 κορπο·

147 1075 234 1162 φόρα
256 1073 310 1138 καί
339 1073 493 1154 λειμῶνας
523 1070 674 1155 χλοεροδς
695 1073 808 1150 αι’ταῖς
836 1073 1119 1159 προσεκλῆρωσαν,
1140 1074 1259 1155 incy-B

141 1178 247 1238 καλῶν
267 1174 325 1236 οάκ
343 1168 493 1251 suadeo,
514 1165 551 1234 οό
573 1169 655 1236 κατά
682 1175 776 1238 τοῦτο
796 1176 1022 1258 μεμψιμοιρῶν
1039 1168 1063 1256 ῆ
1081 1174 1231 1254 μυκτῆρα

144 1271 310 1354 καταχέων
346 1268 469 1335 πλωτόν
500 1273 562 1336 τάν
583 1265 761 1356 ἀνθρώπων
769 1322 779 1355 ,
811 1267 859 1338 ότι
889 1275 946 1356 τῆς
975 1269 1087 1346 οάσίας
1106 1273 1173 1358 θεῷ
1196 1294 1229 1333 τι

98 1399 136 1442 ro
145 1372 338 1452 ἀπένειμαν,
370 1364 437 1433 ἀλλ’
466 1363 514 1434 ότι
541 1367 586 1454 μῆ
610 1373 713 1447 καλάς
746 1371 781 1437 τὸ
802 1370 899 1437 καλόν
918 1368 1110 1456 εἰργάσαντο.
1154 1371 1327 1434 dicatur

59 1505 65 1518 v
143 1468 204 1556 γάρ
235 1474 270 1535 ἐν
296 1467 404 1544 τόποις
435 1465 680 1554 δυσερευνῆτοις*
706 1474 775 1535 καί.
791 1469 923 1554 χωρίοις
947 1467 1140 1554 πανερῆμοις
1170 1465 1228 1534 καί

144 1571 305 1652 σπηλαίων
325 1561 418 1643 όπαΐς
438 1571 491 1632 καί
510 1567 592 1652 ὄροῖν
614 1577 789 1653 περιωπαῖς
809 1579 875 1648 τοῖς
892 1568 1082 1652 μονάζουσιν
1105 1567 1226 1633 ἀποτά-

145 1671 194 1745 ξαι
212 1667 249 1732 τό
281 1665 449 1750 σκήνωμα,
471 1665 526 1732 καί
544 1671 687 1751 παριδεῖν
718 1669 850 1754 ταυτηνί
867 1667 924 1752 τῆν
946 1670 1001 1755 ἐφ’
1015 1665 1225 1754 Ἑλλησπόντῳ

144 1769 291 1850 κειμένην
316 1765 497 1830 καλλίπολιν
524 1767 567 1840 ὥς
587 1764 639 1830 τόν
658 1765 758 1832 λωτόν
783 1769 956 1846 Ὀδυσσεύς
988 1766 1043 1834 καί
1060 1764 1225 1850 Σειρῆνεια

101 1864 273 1950 ι5μέλητά
306 1863 571 1946 δισαπόσπαστα,
600 1863 630 1929 οἱ
651 1868 686 1930 δὲ
708 1863 763 1931 τόν
782 1868 816 1946 ἐξ
845 1866 1023 1953 ἀνθρώπων
1044 1862 1225 1950 θηρώμενοι

143 1963 286 2045 ἔπαινον,
309 1961 363 2027 καί
389 1961 463 2038 τοός
486 1967 723 2052 κεκονιαμένοις
749 1959 870 2030 ἑαυτῶν
891 1967 1011 2052 τάφοις
1032 1967 1086 2028 καί
1104 1968 1226 2046 ψηφῖσι

143 2066 386 2148 πολυχράομοις
401 2061 642 2148 διηνθισμένοις
654 2066 708 2154 ,εἰς
727 2065 807 2130 θέον
823 2073 886 2141 τοῖς
907 2067 1041 2129 εἰσιοῦσι
1062 2059 1137 2136 τούς
1147 2059 1226 2136 νειός

142 2165 351 2248 προτιθέντες,
376 2161 430 2226 καί
442 2166 546 2246 νεκροί
557 2164 689 2246 ἐρῶντες
709 2161 958 2249 στεφανούμενοι
971 2165 1154 2248 δείκνυσθαι
1175 2163 1259 2224 unic

145 2261 286 2326 natinaei
306 2263 361 2326 καί
382 2259 515 2347 φαιδροί
535 2259 574 2326 τά
602 2258 778 2346 πρόσωπα,
806 2265 854 2327 ἐπ’
875 2256 993 2347 ἀγοράς
1012 2285 1048 2326 τε
1069 2262 1124 2324 καί
1143 2261 1230 2342 τριό-

97 2361 208 2426 sodon
227 2358 268 2425 τά
297 2365 372 2424 θεία
405 2357 608 2448 ρ’κοδόμησιιν
644 2358 887 2446 φροντιστῆρια,
917 2361 1177 2433 ἒνλακκεόσαντες
1196 2359 1231 2423 ἐν

145 2461 268 2534 τούτοις
288 2462 344 2523 καί
363 2458 587 2543 ε’νσηκάσαντες
613 2461 671 2522 oria
693 2463 856 2546 ἐπιλέγδην
874 2459 909 2524 τό
933 2461 1117 2544 ἀρεταϊνον,
1136 2454 1172 2522 τό
1194 2459 1231 2522 δέ

147 2561 244 2640 μέχρι
277 2562 397 2642 τριχιὸν
414 2559 579 2645 ,ἀποβολῆς
614 2559 670 2624 καί
688 2563 744 2643 τῆς
764 2565 826 2625 τάν
846 2558 1036 2645 ἐσθημάτων
1054 2557 1232 2640 μεταβολῆς

146 2657 270 2722 καὶτοῦ
291 2651 466 2744 ἀφειμένον
488 2658 633 2740 πώγωνος
659 2661 892 2745 χαρακτηρίζον
913 2661 969 2725 τὸν
988 2655 1153 2742 μονασιῆν.
1176 2651 1231 2718 aad

149 2759 252 2821 ταῦτα
269 2761 374 2820 τοίνυν
400 2754 461 2822 εἴτε
495 2755 552 2841 τῆν
570 2757 744 2842 μοναδικῆν
775 2759 951 2843 όπερείδων
979 2752 1150 2840 σεμνότητα
1170 2747 1233 2836 ῆδη

96 2857 388 2943 ο5ἀιραντοομὲνην
407 2854 463 2920 καί
481 2857 583 2941 πρηνῆ
603 2856 657 2922 ἐπί
677 2855 781 2938 στόμα
802 2861 996 2936 πίπτουσαν,
1012 2853 1074 2920 εἴτε
1094 2852 1160 2938 μῆν
1181 2853 1234 2914 δε-

217 2982 241 3033 3.
260 2983 406 3048 βασιλείου
424 2999 467 3034 om
481 2971 531 3035 A?
602 3001 626 3052 η.
644 2985 869 3055 προσεκύρωσαν
885 2981 914 3036 A.
1002 2982 1028 3034 8.
1042 2974 1141 3051 τοῦτο]
1156 2992 1186 3029 τι
1203 2975 1231 3029 Δ.

220 3056 258 3107 16.
275 3055 324 3104 aut
351 3061 383 3122 ψ.
400 3069 431 3105 π.
451 3053 670 3124 διηνθισμένοις
689 3070 732 3106 om
750 3058 781 3106 Δ.

146 3165 168 3215 ii
179 3164 227 3234 qui
240 3163 320 3216 buius
335 3165 406 3217 vitae
425 3164 531 3217 deliciis
550 3173 725 3235 occupantur,
736 3173 768 3218 ut
785 3167 951 3218 sanctionem
960 3161 1109 3231 Nicephori
1119 3158 1234 3222 Phocoe,

147 3234 287 3286 fortissimi
307 3235 522 3287 ctcordatissinri
539 3237 718 3306 imperatoris,
741 3237 807 3288 olim
822 3237 962 3300 abolitam,
981 3234 1015 3285 de
1028 3249 1085 3283 non
1104 3227 1235 3298 augendis

147 3307 370 3357 monasteriorum
394 3305 564 3370 latifundiis,
590 3309 668 3376 quasi
681 3307 851 3376 postliminio
864 3305 1004 3365 revocarit.
1021 3317 1112 3371 neque
1129 3308 1234 3421 patrem

146 3391 225 3426 avum
239 3384 414 3445 caeterosque
443 3385 570 3445 cognatos
589 3395 651 3428 caros
671 3393 783 3441 omnes,
811 3379 858 3448 qui
877 3373 1049 3428 monasteriis
1069 3387 1130 3440 amp
1143 3369 1234 3422 issima

145 3445 256 3514 praedia
274 3445 425 3510 donarant,
444 3449 567 3498 incusare
587 3449 731 3510 destiterit,
762 3465 818 3500 non
838 3446 914 3517 quod
930 3446 965 3498 de
983 3445 1038 3495 suis
1065 3442 1164 3513 opibus
1179 3439 1233 3492 deo

145 3515 253 3586 aliquid
266 3525 475 3581 consecrassent,
493 3517 541 3570 scd
553 3517 628 3587 quod
643 3534 700 3568 rem
711 3518 811 3570 bonam
827 3519 898 3570 male
911 3515 1152 3567 administrassent.
1169 3527 1233 3564 nam

145 3603 207 3637 cum
230 3587 370 3639 monachis
389 3587 573 3644 habitationes
591 3587 620 3638 in
643 3587 744 3640 abditis
764 3599 793 3642 et
811 3588 925 3640 desertis
946 3586 1027 3650 locis,
1054 3586 1083 3636 in
1102 3582 1185 3636 antris
1203 3590 1234 3634 et

145 3658 278 3708 montium
296 3658 480 3710 cacuminibus
498 3657 674 3727 assignandae
693 3668 796 3723 assent,
811 3659 941 3728 etholis
965 3665 1094 3726 tanquam
1105 3655 1232 3706 Sirenum

146 3735 242 3779 cantus
261 3727 388 3792 vitanda,
407 3729 521 3798 gloriola
542 3730 638 3780 ductos
655 3731 804 3781 incrustata
817 3747 865 3780 sua
882 3729 1005 3798 sepulcra
1024 3734 1052 3779 et
1067 3727 1141 3777 vario
1161 3741 1232 3776 naar-

147 3815 221 3848 morc
243 3808 372 3850 exornata
389 3799 423 3851 iis
444 3800 491 3870 qni
509 3801 612 3870 templa
634 3800 821 3870 ingrediantur
837 3799 984 3870 spectanda
1001 3797 1183 3868 proposuisse,
1203 3799 1233 3846 et

147 3877 268 3920 mortuos
296 3885 406 3940 quoque
434 3872 557 3922 coronari
585 3887 613 3922 se
631 3879 659 3924 et
687 3871 768 3922 hilari
790 3870 990 3941 splendidoque
1016 3869 1093 3921 vultu
1111 3864 1232 3933 conspici

147 3938 275 4002 soluisse,
294 3948 321 3989 et
338 3942 366 3992 in
385 3939 444 3991 soro
462 3957 494 3992 ae
511 3940 598 3993 triviis
616 3943 779 3993 monasteria
796 3942 961 4005 aedificasse,
979 3947 1008 3992 et
1018 3939 1059 3990 ibi
1075 3937 1153 3990 nullo
1170 3951 1233 3987 cum

148 4008 256 4060 delectu
287 4009 394 4062 virtutis
423 4010 499 4062 velut
524 4012 553 4062 in
573 4029 651 4064 casca
683 4012 847 4064 conclusisse
865 4030 926 4076 eos,
948 4013 996 4083 qui
1013 4007 1160 4062 monachos
1175 4021 1233 4057 non

147 4079 218 4130 ultra
243 4088 349 4131 tonsum
378 4082 507 4150 capillum
535 4091 564 4134 et
579 4090 724 4134 mutatum
748 4083 872 4135 habitum
888 4084 1102 4153 promissamque
1119 4076 1233 4128 barbam

148 4150 339 4218 exprimerent.
361 4149 403 4201 his
428 4153 510 4219 igitur
529 4152 562 4203 dc
583 4155 687 4216 causis,
712 4155 769 4205 sive
787 4161 818 4206 ut
834 4155 1009 4207 monasticam
1028 4149 1233 4204 sanctimoniam

147 4229 290 4274 uastantem
309 4239 340 4273 ac
366 4223 457 4292 potius
477 4222 553 4275 humi
575 4225 631 4275 lcrc
650 4233 811 4293 prostratam
834 4225 960 4287 fulciret,
981 4225 1037 4277 sive
1053 4227 1176 4275 metucns
1196 4231 1232 4269 ue
