3017 4892
293 325 362 386 xvi
499 401 503 416 .
540 320 650 384 aran.
679 317 837 383 woiru
870 315 1111 385 anuarino.
1157 268 1162 279 ¹

162 515 167 530 .
199 549 203 558 1
290 474 500 538 nonliuionem
521 472 750 556 gymnasiorum
770 473 958 552 intuentem,
978 478 1036 536 etsi
1056 473 1134 536 baeu
1154 493 1211 536 nen
1230 478 1378 560 temporie

289 595 348 638 neo
379 571 439 636 loci
469 573 559 636 liuius
590 594 655 635 esse
684 573 857 634 videantur.
885 593 980 656 qnare
1011 573 1133 636 veniam
1154 585 1245 656 peto,
1269 576 1378 659 siqua

292 674 394 737 minus
426 671 466 734 nd
486 673 658 734 institutum
687 671 875 755 pertinentia
893 671 1065 752 inculcavi3
1100 684 1132 734 et
1152 673 1283 736 debetur
1303 675 1380 737 baeu

289 770 499 856 philosophiae
527 770 665 850 libertas,
686 793 765 855 quse
795 775 868 856 quin
888 772 950 834 lere
967 773 1095 836 caeteris
1115 782 1310 844 externarum
1326 797 1379 838 re.

289 893 361 934 rum
381 871 648 935 commoditatibus
683 882 714 934 et
733 875 922 934 ornamentis
939 883 1036 952 earet,
1058 871 1165 936 saltem
1185 874 1380 958 cogitationis
1499 920 1501 923 -

290 983 381 1056 atque
413 972 564 1035 orationis
588 970 718 1036 vinculis
749 971 916 1036 laxioribus
947 972 1138 1056 astringitur.
1169 995 1232 1056 quo
1252 977 1379 1038 nomine

289 1075 431 1136 Socrates
460 1093 492 1134 se
522 1071 649 1136 meliore
674 1071 849 1136 conditione
879 1093 1055 1155 essequam
1080 1083 1240 1150 oratores,
1265 1076 1318 1156 qui
1339 1074 1379 1137 ad
1499 1059 1509 1141 i

289 1193 400 1255 nquam
429 1171 535 1235 dicant
563 1183 595 1235 et
625 1173 746 1236 tacitos'
760 1173 896 1234 iudicum
930 1184 1024 1234 nutus
1045 1173 1232 1247 observent,
1253 1173 1378 1256 gloriari

289 1271 417 1336 solebat.
447 1295 504 1356 ego
523 1293 602 1336 vero
628 1294 696 1336 eam
717 1271 871 1336 licentiam
892 1272 971 1335 adeo
989 1272 1069 1337 mibi
1085 1271 1170 1334 laudi
1191 1294 1254 1336 non
1275 1273 1378 1356 duee,

288 1381 324 1434 ut
342 1373 368 1434 si
387 1393 449 1455 qua
478 1371 568 1456 culpa
599 1371 650 1436 vel
679 1372 738 1436 han
769 1373 1061 1436 commemoratione
1093 1372 1144 1434 vel
1170 1373 1379 1436 conversionis
1497 1414 1501 1426 ι

279 1474 576 1554 procrastinatione,
599 1471 741 1557 longiore
761 1473 886 1556 quidem
908 1495 1002 1557 quam
1023 1476 1090 1556 ipse
1108 1483 1266 1556 putaram,
1290 1494 1378 1536 eota·

287 1573 378 1635 missa
406 1583 470 1653 est,
503 1575 568 1636 eius
588 1572 664 1635 mibi
688 1574 817 1658 gratiam
836 1573 901 1635 fieri
932 1576 1075 1657 cupiem3
1108 1575 1286 1656 praesertim
1307 1593 1379 1636 cum

288 1673 388 1754 exigui
414 1673 564 1755 temporis
587 1694 684 1751 mora,
709 1673 810 1735 omnis
831 1694 937 1757 expers
966 1671 1169 1748 incommodi,
1192 1694 1255 1736 non
1276 1693 1379 1736 cessa·
1496 1650 1508 1707 Ι·

286 1775 399 1834 tionem
419 1771 473 1835 sed
491 1771 583 1834 fidem
603 1783 635 1836 et
654 1773 846 1858 diligentiam
872 1795 973 1836 meam
992 1784 1118 1857 arguat3
1139 1793 1219 1855 qnae
1239 1773 1298 1833 nisi
1319 1773 1378 1834 mi·
1508 1843 1509 1854 χ

286 1871 320 1934 hi
338 1873 401 1936 otio
421 1884 450 1935 et
471 1873 640 1936 commodis
661 1877 736 1936 meis
756 1875 911 1959 antiquior
931 1875 1053 1951 fnisset,
1072 1874 1130 1936 hnc
1151 1871 1258 1935 labore
1279 1872 1378 1934 multo

287 1971 379 2036 sitim
410 1972 537 2058 defungi
571 1977 748 2059 potuissem.
770 1977 825 2038 sed
846 1987 894 2038 sat
913 1977 993 2057 cito,
1015 1973 1042 2037 si
1060 1984 1107 2036 sat
1124 1972 1225 2050 bene,
1247 1983 1282 2033 nt
1301 1972 1380 2034 diei·
1494 2010 1498 2020 ·

288 2083 356 2136 tnr.
390 2074 474 2158 qnod
505 2077 606 2156 ipsum
635 2078 728 2140 etiam
753 2075 863 2139 sedulo
889 2097 939 2138 me
959 2085 1105 2140 conatum
1129 2095 1193 2136 esse
1212 2094 1282 2134 eum
1310 2092 1378 2134 rem

286 2174 385 2254 ipsam
416 2182 593 2234 testaturam
615 2175 790 2252 confidam,
817 2174 893 2235 nihil
912 2175 952 2236 de
978 2178 1116 2254 meipso
1137 2172 1270 2248 addam,
1291 2171 1377 2253 quod

285 2270 426 2353 quamvis
446 2267 577 2352 amplius
597 2268 713 2352 aliquid
734 2273 970 2352 praestitissem,
992 2283 1095 2330 tamen
1115 2268 1304 2332 liberalitatis
1326 2291 1377 2331 er·
1499 2292 1502 2302 ·

286 2387 326 2454 ga
361 2388 412 2432 me
431 2369 517 2432 Tuae
546 2381 577 2432 et
608 2370 748 2451 publicae
780 2391 850 2452 erga
879 2369 1028 2431 studiosos
1049 2368 1210 2447 homines,
1241 2389 1377 2450 qnorum
1503 2385 1506 2408 ²

285 2468 458 2532 commodis
476 2469 548 2532 Tuo
571 2481 693 2553 sumptu
715 2469 863 2549 consulis,
883 2480 1001 2552 partein
1022 2468 1072 2530 vix
1095 2466 1234 2550 exiguam
1252 2469 1384 2531 viderer
1499 2517 1505 2527 .

247 2591 252 2604 ·
287 2580 451 2632 assecutus.
511 2570 665 2655 Augiutae
699 2569 948 2646 vindelicorum,
985 2569 1030 2632 vt
1065 2567 1111 2632 ld.
1144 2564 1250 2653 april.
1292 2589 1374 2630 anno
1496 2563 1505 2577 ”

287 2669 453 2736 MDLVlI.
