3017 4892
235 427 290 489 un
316 420 468 486 Anuxro
494 414 644 485 πολλου
676 393 829 487 ausam
853 425 917 489 m.
945 429 1020 492 uo.
1047 435 1073 494 r.
1132 401 1213 489 6ιι

139 573 313 655 οἷνίβλαστε
346 572 426 636 κατὰ
465 566 591 635 κώνειον
626 573 843 658 φθοροποών,
882 575 899 640 δ
926 581 1090 665 Κομνηνὸς
1128 572 1221 660 οὗτος

136 673 303 752 Ὶσυᾰκιος,
334 669 367 747 ὃς
388 674 421 735 ἐν
442 682 507 745 τοῖς
527 668 707 756 ἔμπροσθεν
728 678 863 757 βιβλίοις
880 680 999 763 ἐρρέθη
1019 704 1075 761 μοι
1105 676 1152 747 δτι
1172 686 1221 766 ἐγ·

137 770 254 854 κρατης
286 767 354 853 ἅμα
383 774 439 835 καί
468 770 581 855 δλετηρ
611 770 664 857 τῆς
682 776 746 839 τών
765 778 922 859 Κυπρίων
941 774 1041 861 νήσου
1057 778 1221 863 γενόμενος

137 867 220 934 ἑάλω
239 872 299 951 μὲν
319 868 398 953 πρδς
417 874 476 935 sori
498 868 591 955 ῥηγδς
608 872 768 954 ’λγγλινίας
789 876 821 950 ίς
833 877 1052 960 Παλαιστίνην
1071 872 1222 963 ἀφικνου-

109 970 129 1035 5
136 968 235 1051 μένου
259 972 450 1051 διαποντίου,
471 971 525 1034 καί
548 966 591 1045 ώς
612 972 725 1047 δοῦλος
744 979 912 1058 μαστιγίας
930 974 994 1040 τινί
1013 978 1077 1040 τών
1096 976 1222 1064 duopri-

136 1074 200 1132 λοον
221 1067 326 1157 ἐκείνῳ
355 1068 597 1154 δποκεχοίριστο.
650 1073 704 1135 καί
724 1064 763 1155 ἦν
784 1072 953 1161 ἁπανταχῇ
972 1074 1156 1157 διαδόσιμος
1178 1074 1224 1154 ώς

134 1170 325 1255 κατέστρεψε
344 1164 396 1231 τὸν
415 1171 486 1249 βιόν
498 1168 638 1245 κακώςδ
663 1168 779 1246 κακός·
823 1169 912 1259 φήμη
935 1176 981 1255 δ’,
1002 1173 1045 1251 nic
1066 1178 1224 1241 δέδεικται

133 1262 270 1351 ὕστερον
277 1318 286 1349 ,
306 1264 388 1354 μόνη
411 1269 579 1351 α’ποβιοδς,
605 1273 661 1335 καί
681 1270 808 1351 δεσμών
829 1270 1021 1356 α’παλλαγείς
1043 1277 1099 1340 καί
1119 1298 1223 1359 φρου-

134 1370 193 1451 ριῖς
213 1368 384 1441 ἀπολυθείς
393 1418 404 1448 ,
440 1366 484 1443 ώς
516 1367 561 1452 μὴ
583 1360 705 1454 ώφελε,
737 1367 793 1435 τδν
811 1370 945 1437 παλαιὸν
965 1366 1144 1438 ἆναθάλπει
1164 1377 1223 1457 τῆς

87 1467 316 1550 τοτυροιννίδος
348 1463 460 1551 ἔρωτα.
512 1467 693 1532 ἀνεκαλεῖτο
715 1471 776 1549 μὲν
807 1461 865 1535 οὖν
894 1467 975 1557 πρὸς
1004 1476 1064 1537 τοῦ
1092 1473 1322 1562 possid-vate

130 1588 174 1639 ισς
191 1559 340 1642 Ἀλεξίου
374 1562 428 1630 διοὶ
457 1564 652 1651 γραμμάτων
671 1571 815 1650 συχνών,
844 1569 1016 1655 ἐναγούσης
1047 1563 1146 1636 airis
1175 1571 1221 1648 είς

129 1665 222 1727 τοῦτο
252 1666 308 1748 τῆς
333 1666 498 1745 βασιλίδος
527 1663 739 1752 Εδφροσώνης
759 1670 800 1731 δι’
828 1667 868 1753 ἢν
899 1671 935 1734 ἐκ
956 1673 1138 1753 συγγενείας
1167 1672 1250 1755 ίγ-(ὶ

128 1758 246 1845 γδτητοι
277 1757 361 1843 εἶχεν
390 1759 472 1847 αὕτη
501 1761 579 1849 πρὸς
609 1761 775 1831 ’landum
818 1766 836 1830 δ
867 1770 904 1832 δὲ
932 1770 1140 1833 α’πεδυσπὲτει
1166 1767 1223 1834 καί

128 1860 210 1941 πρὸς
228 1858 329 1944 μόνην
358 1863 524 1945 ἠγανάκτει
559 1865 624 1926 τών
647 1865 914 1947 δπιστελλομένων
932 1865 1099 1951 δνήχησιν,
1124 1872 1222 1948 βασι-

81 1954 255 2039 τὸλείειν,
292 1960 331 2022 ου’
364 1956 429 2044 μην
463 1958 692 2040 βασιλεύεσθαι
728 1968 828 2047 λέγων
862 1968 996 2048 εἰδέναι,
1030 1964 1086 2030 καί
1114 1960 1220 2029 ἄλλων
1256 1996 1259 2005 ·

126 2057 331 2139 ἐξηγεῖσθαι,
351 2055 396 2141 μη
416 2058 491 2141 γοῦν
511 2054 632 2143 ἑτέροις
657 2065 838 2126 πείθεσθαι.
869 2062 974 2145 συχνοί
995 2062 1101 2129 τοίνυν
1120 2061 1221 2150 γράμ-

123 2178 217 2237 ματα
240 2157 399 2220 συνετίθει
418 2157 498 2241 πρδς
522 2156 598 2233 τούς
625 2161 681 2243 τῆς
700 2158 887 2237 Ἀσιοίτιδος
905 2164 963 2245 γῆς
982 2158 1220 2247 πρωτεύοντος,

124 2258 162 2321 τί
176 2256 237 2336 μὲν
269 2258 331 2321 τών
357 2259 575 2341 α’πειρημδνυν
605 2257 664 2322 οδκ
682 2257 908 2344 εἰσηγούμενοι,
929 2265 966 2325 τί
985 2263 1022 2325 δὲ
1041 2263 1103 2326 τών
1121 2265 1219 2327 καθε-

124 2352 260 2420 στώτων
279 2354 357 2437 ου’χί
378 2359 523 2421 κινοῦντα
533 2406 544 2439 ,
570 2354 626 2422 καί
648 2356 749 2423 πάντα
770 2366 836 2434 τοῖς
857 2362 1057 2440 πειθομένοις
1074 2356 1217 2446 βραβεί-

73 2472 114 2517 το
125 2477 221 2537 οντα,
242 2451 277 2519 εἴ
292 2478 357 2530 πως
377 2460 436 2518 τοῦ
455 2456 512 2540 τῆς
530 2459 694 2538 βασιλείας
714 2450 867 2539 ὀνόματος
885 2456 1093 2537 ε’πιτεδξετοι.
1135 2456 1216 2525 ἄλλοί

122 2552 182 2619 καί
201 2550 311 2638 πρώην
332 2551 455 2618 διώκων
475 2549 515 2639 ἦν
530 2553 571 2621 τοὶ
594 2557 747 2642 α’κίχητιι,
769 2559 826 2619 καί
844 2554 866 2619 δ
885 2557 931 2639 μὴ
950 2556 1026 2632 θεὸς
1045 2562 1216 2641 βεβούλευ·

119 2678 194 2737 ται,
222 2654 368 2737 διακενῆς
387 2654 634 2739 μηχανώμενος·
676 2651 824 2720 sairdas
845 2653 962 2737 δμοίυς
981 2657 1131 2741 ἠλέγχετο
1150 2656 1215 2738 μά·
1319 2718 1329 2734 ,

117 2777 176 2838 την
215 2750 463 2835 διατεχνώμενος
491 2755 530 2819 τοὶ
560 2752 711 2839 οίνήνυτα.
761 2746 833 2820 οὔτε
851 2754 913 2839 γὰρ
933 2754 1020 2843 arisai
1041 2758 1248 2838 προσέσχενλ)

115 2848 134 2917 δ
156 2854 296 2939 Πέρσης
315 2848 421 2939 ώσπερ
441 2851 580 2941 ἱμείρετο
603 2856 759 2943 (ἐγλίχετο
774 2856 810 2918 δὲ
831 2858 907 2936 μεθ’
927 2848 1002 2937 ὅλης
1020 2858 1076 2937 τῆς
1099 2856 1216 2929 οἰκείας

194 3058 216 3093 ι.
240 3026 334 3112 οὗτος]
355 3041 439 3093 esdra
458 3042 488 3091 Δ.
581 3056 606 3091 a.
625 3037 671 3093 δτι
688 3038 796 3091 codices
815 3054 867 3091 om.

115 3221 262 3276 exaruisse
279 3220 366 3271 risum
383 3226 472 3283 esset,
490 3220 576 3271 instar
594 3216 695 3269 letiferi
714 3218 816 3270 aconiti
833 3217 962 3269 refloruit
979 3233 1043 3268 nam
1061 3217 1215 3274 Comnenus

114 3294 261 3353 isaacius,
280 3306 294 3339 a
313 3305 368 3359 quo
391 3296 524 3342 vastatam
551 3304 610 3340 esse
629 3288 745 3357 Cyprum
766 3304 847 3358 supra
874 3290 1101 3349 memoravimus,
1119 3300 1215 3358 captus

113 3366 235 3436 quidem
256 3361 309 3411 luit
328 3376 344 3410 a
362 3376 423 3428 rege
442 3358 555 3426 Angiiae
575 3359 605 3409 in
622 3358 803 3410 Palaestinam
821 3359 981 3426 navigante,
1000 3366 1028 3409 et
1047 3375 1097 3427 pro
1116 3360 1215 3412 verbe-

113 3452 184 3487 rone
206 3448 287 3485 servo
304 3430 412 3482 cuidam
424 3422 552 3499 populari
571 3430 629 3479 eius
649 3428 776 3491 donatus,
793 3430 865 3479 lama
884 3429 989 3497 ubique
1001 3444 1092 3497 sparsa
1109 3430 1212 3484 maium

112 3507 261 3557 hominem
279 3502 350 3551 male
367 3494 489 3571 periisse.
507 3499 555 3550 sed
574 3505 606 3549 ut
623 3515 665 3549 res
688 3507 783 3568 postea
794 3499 951 3561 declaravit,
969 3499 1028 3549 sois
1044 3500 1116 3551 sama
1137 3518 1211 3553 mor·

111 3588 180 3631 tuus
201 3572 316 3634 revisit,
340 3579 370 3623 et
392 3570 509 3623 vinculis
529 3578 557 3621 et
574 3584 682 3620 carcere
700 3570 788 3641 (quod
813 3572 917 3620 utinam
933 3570 1034 3620 factum
1052 3586 1107 3621 non
1126 3576 1208 3644 esset)

110 3650 255 3700 liberatus
274 3642 416 3709 pristinam
434 3640 542 3710 imperii
561 3639 739 3709 cupiditatem
761 3648 880 3691 renovat.
893 3640 941 3708 qui
955 3657 1015 3690 cnm
1028 3640 1208 3710 imperatricis

108 3716 317 3789 Euplrrosynae
329 3711 457 3781 impulsu,
476 3728 556 3781 qrram
575 3712 729 3832 propinpua
747 3711 909 3779 cognatione
926 3711 1088 3779 attingebat,
1105 3713 1208 3765 crebris
1248 3705 1254 3728 '

108 3787 206 3843 illexii
221 3782 322 3833 littoris
336 3788 516 3845 revocaretur,
528 3782 603 3832 illam
617 3798 667 3831 con
688 3782 801 3832 itionem
813 3798 874 3831 cum
891 3780 1080 3849 indignatione
1097 3800 1210 3852 prorsus

110 3854 286 3929 respuebat,
307 3868 336 3904 se
353 3855 505 3922 imperare,
522 3868 577 3904 uon
603 3867 698 3921 parere
719 3851 866 3915 didicisse,
884 3860 913 3902 et
928 3852 1042 3915 ducem,
1059 3870 1115 3904 uon
1135 3855 1211 3905 mili·

108 3940 168 3985 tem
204 3940 287 3994 agere
312 3926 420 3977 novisse
441 3923 581 3974 affirmans.
607 3922 723 3993 proinde
743 3924 900 3994 frequentes
919 3924 1024 3976 litteras
1041 3923 1076 3974 ad
1092 3925 1208 3976 Asianos

108 4014 248 4072 proceres
279 3996 380 4059 mittit,
411 4010 482 4063 qaae
509 3992 580 4045 nihii
608 4010 662 4045 non
686 3994 801 4045 vetitum
828 3992 1000 4057 suadebant,
1026 3994 1097 4045 nibil
1116 4011 1172 4046 non
1191 4013 1207 4045 a

109 4070 272 4125 maioribus
289 4067 444 4119 institutum
462 4064 641 4133 abrogabant,
661 4063 731 4115 nihil
750 4082 805 4115 non
821 4064 1076 4135 obtemperantibus
1092 4067 1209 4135 promit·

110 4144 234 4203 tebant,
260 4138 283 4188 si
305 4154 360 4207 quo
379 4136 459 4187 modo
478 4136 585 4205 imperii
604 4135 714 4187 titulum
740 4144 959 4205 consequeretur.
981 4153 1073 4187 veruna
1091 4144 1123 4185 ut
1139 4136 1207 4185 oiim

110 4232 144 4265 ea
166 4208 331 4265 sectabatur
355 4224 425 4277 quae
456 4208 563 4276 assequi
596 4222 650 4257 nou
680 4214 801 4275 poterat,
831 4214 859 4257 et
877 4208 1023 4257 easrsrstm
1042 4206 1207 4257 moliebatur

110 4300 186 4357 quae
208 4284 240 4337 in
262 4281 326 4334 latis
343 4296 398 4333 non
418 4287 512 4341 erant,
543 4278 580 4329 ita
598 4285 656 4330 turn
675 4278 757 4331 otiam
777 4277 868 4332 irritos
885 4287 998 4331 conatus
1016 4278 1074 4329 eius
1093 4284 1206 4327 eventus
