3017 4892
276 281 330 395 76
588 311 760 378 usnemu
800 312 1033 378 cnoursrln

272 483 347 542 γασι
364 468 433 536 ταῖς
453 464 613 549 ληστρίσιν
631 462 664 528 αἱ
685 467 968 544 παραθαλαττιδιοι
984 461 1151 546 Ῥωμαίων
1161 462 1277 546 χῶραι,
1296 466 1352 528 καί

273 557 317 636 ιδς
337 553 376 626 δν
394 562 591 640 κατεύξαιντυ
613 562 642 626 οἱ
664 562 825 648 διάφοροι.
873 566 904 629 εί
923 567 958 628 δὲ
976 561 1029 628 καί
1046 560 1100 628 τὸν
1120 562 1240 645 στάχυν
1259 559 1350 643 ἴσμεν

272 662 331 724 τοῦ
349 663 548 745 σπείραντος,
577 661 657 726 silici
681 663 736 727 καί
761 662 816 728 τὸν
841 659 1008 746 α’μὴσαντα
1030 659 1347 746 προσεπαιτιοέμεδα·

273 761 328 823 καί
347 761 377 822 εἰ
396 759 413 822 c‘
432 757 614 844 ἐμπρησμὸς
635 763 693 824 τοῦ
714 759 905 842 ἀνάψαντας,
926 758 1072 826 cilicises*
1082 765 1138 826 rosi
1157 763 1350 840 κατασβέσαι

274 859 467 940 δυναμένου,
489 861 603 941 δρᾶσαι
619 863 655 924 δέ
672 883 704 924 τι
723 863 864 924 τοιοῦτον
880 858 960 937 ὅλαις
973 860 1017 944 μὴ
1038 863 1259 944 βουληθέντος.
1281 861 1377 928 ἄλλ’ἵι

194 961 220 1016 Ρ.
230 966 264 1035 ³9
273 955 332 1030 ἕως
353 956 424 1021 τότε
445 959 669 1042 φιλοδημόσιος
692 957 835 1041 λογιστὴς
862 961 916 1024 καί
935 957 1036 1034 δεινὸς
1053 962 1109 1023 καί
1129 957 1283 1043 φειδωλὸς
1303 961 1351 1025 αι’·

270 1053 399 1136 κονόμος
409 1059 465 1119 καί
482 1059 695 1137 δβολοστατῶν
710 1059 849 1138 α’τεχνοῖς
861 1058 1054 1141 δασμολόγος
1072 1056 1089 1123 ὃ
1104 1055 1246 1142 Ἰωάννης
1266 1055 1351 1122 ἐδεί-

269 1176 378 1236 κνυτο,
407 1156 466 1230 έσνς
488 1156 695 1238 οἰκαβαίρετον
725 1151 791 1238 εἶχε
811 1155 870 1239 την
892 1159 1093 1238 δυναστείαν,
1115 1160 1170 1221 καί
1187 1155 1223 1221 τὸ
1246 1164 1349 1223 ποιεῖν

268 1249 330 1318 ὅσα
350 1255 405 1318 καί
434 1251 513 1338 πρδς
540 1257 656 1337 βουλῆς
688 1257 918 1339 ἀνεξέλεγκτον,
938 1259 992 1321 καί
1010 1252 1070 1322 ὅσα
1089 1253 1227 1342 βουλητὰ
1246 1254 1347 1346 τούτῳ

267 1354 323 1418 καί
341 1351 472 1420 δυνατά.
494 1352 601 1438 ε’πειδη
625 1356 660 1418 δὲ
680 1353 954 1438 μεθαρμοζόμενόν
974 1356 1002 1421 οὶ
1024 1351 1109 1442 ἑώρα
1128 1356 1165 1422 τὸ
1186 1354 1346 1421 δύνασθαι
1359 1381 1395 1422 ro

267 1453 323 1517 καί
341 1450 377 1516 ιδ
401 1453 672 1538 εδπαρρηοίαστον
691 1453 943 1537 παραιρούμενον
957 1457 1012 1520 καί
1030 1457 1247 1540 ὑπορρέουσαι
1264 1454 1345 1520 κατὰ

266 1551 373 1637 βραχδ
402 1552 460 1636 την
484 1556 598 1637 ἰσχύν,
628 1550 680 1622 οἷα
709 1557 766 1620 καί
798 1552 914 1639 ἐτέρων
941 1560 1178 1640 κρατυνομένιον
1197 1553 1283 1638 παραὶ
1302 1558 1348 1643 τῷ

266 1657 396 1735 βασιλεῖ
411 1653 470 1718 nris
491 1657 548 1718 τοῦ
567 1649 647 1736 ἄγαν
671 1652 878 1738 έκκρσυέντυνν
897 1654 952 1719 καί
970 1658 1217 1738 περιτρεπόντων
1235 1651 1346 1735 critis,

267 1756 402 1836 μετῆρεν
422 1747 503 1838 ἅπερ
531 1747 570 1838 ἦν
592 1757 722 1834 θέμενος
746 1749 841 1838 ὅρια,
862 1753 919 1818 καί
935 1753 1093 1840 δραπέτης
1110 1758 1154 1841 τῷ
1173 1756 1273 1840 καιρῷ
1289 1753 1349 1822 ,καί

267 1858 333 1927 τοϊς
353 1848 516 1936 πράγμασι
548 1852 721 1938 προσφυεῖς
750 1854 948 1939 α’μφοτέραις
974 1851 1095 1918 τούτων
1114 1851 1222 1937 ἔχεταί
1239 1877 1271 1917 τε
1292 1851 1348 1918 καί
1358 1853 1394 1916 15

237 1955 453 2036 Βπεριέχεται.
495 1952 608 2016 οὖνοῦν
632 1956 686 2017 καί
710 1952 789 2037 πρός
809 1977 880 2018 τινα
900 1957 961 2018 τῶν
985 1949 1130 2037 συνήθων
1150 1950 1246 2019 eineis
1267 1945 1345 2036 „dyc

264 2053 504 2136 πλουτησυνμεν”
537 2050 674 2136 ἑτεροίας
705 2051 831 2137 γνώμης
855 2049 1054 2118 παντάπασιν
1087 2056 1264 2137 ἐγεγένητο,
1291 2051 1347 2118 καί

262 2156 399 2233 γυναῖκα
419 2154 483 2215 τῶν
508 2151 752 2235 α’περριμμένων
772 2151 828 2215 καί
847 2145 1070 2235 ἄπηνθηκυιῶν
1088 2151 1224 2234 εὕγενιὸν
1244 2146 1345 2235 ἅρμο-

262 2247 410 2330 σέμενος,
433 2253 488 2314 καί
510 2251 632 2314 παίδων
651 2243 790 2324 ἀκούσας
804 2245 924 2334 πατήρ,
947 2253 1082 2332 διένειμε
1104 2248 1228 2323 τούτοις
1248 2249 1345 2312 πλαδ-

262 2369 318 2411 τον
336 2345 443 2427 βαθέαν
462 2349 518 2410 καί
538 2341 669 2430 ἄρκετὸν
700 2350 745 2423 είς
766 2343 891 2431 ἡδονάς.
932 2346 1039 2429 κίμβιξ
1059 2349 1095 2413 δὲ
1115 2343 1160 2411 (δν
1180 2351 1225 2422 είς
1246 2341 1393 2430 ἄκραντα

263 2449 318 2510 καί
341 2443 462 2530 γνίφων
491 2444 546 2510 καί
571 2443 813 2531 δυσγρίπιστος,
843 2447 911 2511 οὐδ’
935 2439 1000 2511 οἴνα
1030 2441 1107 2532 ἆραι
1136 2443 1175 2511 τοὶ
1195 2449 1343 2532 βλέφαρα

264 2545 470 2633 πειρνέμενος,
492 2548 670 2632 ἀναβλέψαι
688 2549 745 2610 καί
767 2549 812 2622 είς
832 2545 980 2630 πταχοδς
1004 2547 1159 2626 α’τενίσαι,
1182 2546 1218 2609 οὐ
1239 2548 1343 2631 παρῆ-

335 2730 358 2766 s.
375 2715 605 2787 reputabimus
623 2721 653 2768 A.
742 2720 767 2772 3.
785 2715 950 2790 αμησαντα]
973 2714 1099 2805 ἤμηνότα
1127 2715 1342 2786 προσαιτιιίμι·

331 2787 373 2907 ii
383 2785 420 2914 δι’
433 2790 615 2926 ,eristi
626 2789 943 2931 ii²li‘'iii÷lle⁰¹
960 2786 1343 2928 Brfttittttttltt

331 2929 380 2978 sset
398 2929 629 2999 περιτρεπόντων
647 2927 736 2984 ccccv
754 2933 802 2996 τῆς
818 2929 982 2999 προθέσεως
1003 2929 1033 2978 Α.

262 3071 371 3122 cusiene
393 3087 468 3123 mare
495 3081 608 3126 teneant
634 3081 663 3126 et
682 3074 832 3126 maritimae
857 3071 1012 3141 provinciae
1035 3069 1185 3122 latrociniis
1202 3077 1343 3123 vexentur.

261 3141 361 3211 quodsi
380 3143 481 3212 spicam
503 3146 528 3196 ei
552 3145 600 3213 qui
618 3146 686 3196 sevit
709 3152 847 3212 acceptam
866 3143 992 3204 ferimus,
1014 3149 1119 3193 etcum
1137 3157 1246 3211 quoque
1264 3157 1344 3191 accu-

261 3229 351 3264 samus
371 3216 418 3283 qui
445 3231 501 3266 non
518 3215 649 3278 resecuit,
675 3232 726 3266 nec
746 3212 903 3266 incendium
929 3213 956 3264 ei
976 3211 1109 3264 duntaxat
1125 3213 1274 3280 imputetur
1294 3213 1343 3280 qui

262 3283 352 3350 iguem
370 3285 482 3347 iniecit,
501 3285 549 3338 sed
566 3287 592 3336 ei
610 3287 691 3338 etium
710 3287 758 3354 qui
777 3285 807 3336 id
825 3285 990 3350 restinguere
1011 3301 1072 3335 cum
1085 3291 1178 3353 posset
1194 3281 1293 3344 noluit,
1315 3290 1345 3334 et

261 3355 345 3420 magis
370 3355 592 3424 reprehendimus
623 3374 685 3408 eum
709 3357 755 3425 qui
777 3353 852 3425 quod
877 3355 982 3406 bonum
1005 3370 1064 3405 esse
1090 3361 1170 3406 norat
1187 3369 1243 3404 non
1261 3352 1344 3416 fecit,

262 3423 330 3492 quid
355 3431 395 3475 est
421 3425 586 3479 dicendum?
628 3426 763 3478 Iohannes
792 3426 876 3494 igitur
901 3425 965 3476 dum
991 3425 1096 3492 integra
1113 3424 1275 3475 auctoritate
1291 3438 1343 3490 pro

262 3510 312 3544 sun
333 3493 452 3545 libidine
470 3498 595 3549 versabat
613 3499 712 3559 omnir,
729 3497 888 3547 versabatur
905 3496 934 3546 in
951 3495 1079 3564 publico,
1096 3502 1237 3546 accuratus
1276 3510 1344 3544 uae-

262 3571 332 3625 εισι,
359 3581 455 3631 parcus
488 3567 673 3637 dispensator,
703 3567 840 3620 fenerator
859 3575 942 3634 etque
961 3575 1069 3618 exactor
1086 3565 1207 3617 ncerbue.
1225 3511 1275 3615 sed
1295 3563 1344 3615 ubi

261 3634 413 3703 potentiam
434 3653 508 3688 sunm
527 3639 652 3705 infringi,
672 3639 862 3689 auctoritatem
885 3637 1041 3689 decrescere
1058 3636 1263 3705 potentiamque
1284 3635 1343 3686 len-

262 3703 390 3772 guescer'e
408 3705 494 3770 uidit,
514 3707 588 3777 quod
605 3709 652 3759 alii
669 3725 783 3830 1ηιιοσιιε
802 3706 876 3777 apud
893 3709 1081 3776 imperatorem
1099 3706 1214 3758 multum
1232 3712 1345 3774 possent

262 3791 295 3826 ac
313 3783 475 3844 potestatem
492 3795 567 3830 suum
585 3781 666 3830 immo
688 3782 755 3830 icum
774 3788 937 3842 everterent,
954 3778 1091 3831 translatis
1109 3792 1178 3845 quos
1195 3776 1249 3827 sibi
1264 3792 1345 3844 prae-

262 3845 359 3897 lixerat
383 3846 535 3911 limitibus,
559 3852 674 3920 tempori
698 3850 800 3902 servire
824 3859 854 3902 et
873 3850 956 3902 statui
979 3865 1067 3900 rerum
1085 3863 1114 3898 se
1140 3845 1345 3898 accommodare
1398 3867 1405 3880 ·

261 3931 311 3984 pro
331 3917 404 3968 virili
422 3919 552 3982 instituit,
571 3929 600 3973 et
618 3920 653 3972 nd
673 3921 809 3990 quendum
826 3921 1002 3973 familiarium
1021 3934 1146 3981 suorum,
1163 3925 1267 3969 mumtn
1283 3916 1344 3984 pla·

261 4001 298 4037 ne
317 3989 471 4050 sententia,
503 3991 575 4044 dixit
597 4009 681 4060 ‚,uge,
706 4009 755 4044 nos
774 4009 885 4062 quoque
903 3989 1089 4043 ditescimus?
1105 3987 1241 4057 ductaque
1258 4001 1344 4036 uxore

263 4073 297 4107 ex
314 4056 420 4110 obiectu
446 4069 475 4112 et
495 4063 619 4114 obsoleta
646 4062 807 4126 nobilitate,
828 4065 900 4114 inter
919 4059 1020 4111 liberos
1038 4075 1073 4110 ex
1090 4074 1123 4110 ea
1140 4065 1278 4124 susceptos
1300 4055 1344 4106 in-

263 4135 356 4196 gentes
382 4144 461 4198 opes,
484 4149 555 4202 quae
577 4133 763 4202 voluptatibus
787 4132 893 4184 alendis
918 4128 1028 4181 munde
1061 4139 1171 4190 essent,
1188 4124 1344 4185 distribuit,

263 4197 344 4252 tomo
375 4203 546 4271 parcissimus
574 4213 602 4257 et
626 4204 829 4266 tenacissimus,
857 4202 906 4272 qui
928 4217 962 4252 ne
989 4202 1162 4269 supercilium
1180 4196 1292 4267 quidem
1308 4195 1345 4251 ad
