3017 4892
508 411 614 473 uuus
640 408 781 475 caran.
1101 383 1182 471 801

109 556 190 645 πρός
210 554 323 638 αδτόν,
351 558 384 633 ἐς
411 559 446 622 δὲ
468 555 576 639 λόγους
609 556 788 645 ἐληλυθότα
806 560 966 637 πολλάκις.
1007 565 1062 628 καί
1081 560 1122 647 δὴ
1143 562 1189 641 ιός

109 662 143 737 ἔξ
165 654 356 740 ὑπερδεξίων
378 657 433 743 τῆς
454 654 573 731 πόλεως
592 656 714 733 τοξεόει
733 664 947 744 παραινέσεων
968 662 1113 744 βέλεμνα,
1132 664 1190 727 καί

109 760 150 844 τῇ
180 758 369 842 ποιμαντικῇ
401 753 557 843 σφενδόνῃ
592 756 831 841 α’κροβολιζεται
866 762 1006 845 διαφιείς
1031 759 1189 825 θεόπλοκα

112 852 245 939 ῥήματα.
295 850 360 918 ἔστι
390 856 416 917 δ’
447 846 507 940 drap
531 853 586 917 καί
612 853 655 929 αἱς
687 856 721 934 ἐξ
753 850 926 922 ἓλεπόλεων
942 860 1006 923 τεόν
1030 862 1189 939 πατρικῶν

1 982 2 987 ’
85 954 250 1017 ὅάπειλῶν
280 956 428 1035 πειρᾶται
458 954 632 1029 κατασείειν
662 952 698 1018 τό
720 958 840 1021 ἐκείνου
861 955 1025 1041 φρόνημα,
1060 952 1102 1037 μό
1126 958 1190 1020 δεῖν

111 1059 210 1136 λέγων
229 1049 291 1115 α’πό
315 1054 460 1137 Χριστοῦ
488 1049 678 1133 καλοόμενον
699 1059 753 1119 καί
768 1055 933 1136 Ῥωμαίοις
953 1053 1192 1134 σννεξεταζόμε·

109 1174 162 1215 νον
195 1148 248 1215 διά
278 1148 382 1236 μάχης
408 1149 576 1231 Ῥωμαίοις
608 1160 740 1238 χωρεῖν,
771 1156 803 1218 εἰ
832 1155 876 1236 μὴ
899 1155 1063 1221 πιστοῦται
1082 1152 1192 1232 μόνοις

108 1252 228 1333 χείλεσι
250 1247 284 1315 τό
308 1248 550 1335 Χριστοόνυμον,
583 1250 626 1326 ὥς
645 1254 753 1336 ἐσθῆτι
770 1251 826 1317 καί
841 1252 963 1339 γλώττῃ
985 1251 1040 1318 τόν
1052 1249 1191 1334 Ῥωμαί·
1199 1262 1224 1313 Ρ.
1232 1262 1281 1333 39¹

111 1372 158 1424 σις
180 1346 351 1436 ὁμόφωνον,
373 1352 412 1437 τῇ
432 1352 467 1415 δὲ
488 1352 603 1437 καρδίᾳ
622 1347 731 1434 πόρρω
743 1348 893 1431 πλάζοιτο
910 1355 973 1417 τῶν
992 1356 1192 1435 καλουμένων

1 1459 3 1489 ³
66 1443 173 1514 ισάπό
195 1452 347 1533 Χριστοῦ.
390 1450 476 1515 τίδὲ
496 1451 552 1513 καί
568 1450 650 1530 ἔχων
664 1450 848 1535 Ἀθηναιόις
866 1451 1048 1533 ε’πεγκαλεῖν
1068 1454 1108 1537 τῇ
1121 1446 1193 1517 ’Ar-

108 1550 181 1637 τικῇ
204 1546 449 1631 ἔπεστράτεσσες
481 1556 544 1624 τοῖς
563 1550 622 1629 μὲν
646 1547 706 1633 γάρ
725 1555 862 1631 γείτοσιν
875 1548 1027 1632 Ἀργείοις
1049 1543 1134 1633 εἶχεν
1153 1543 1194 1616 dr

107 1672 140 1712 τι
161 1650 217 1711 καί
235 1648 361 1730 ἐπάγειν
377 1647 422 1721 ιός
442 1644 575 1729 ὁμόροιςΙ
590 1650 740 1729 αἰτίαμα,
758 1651 871 1714 ποιοόν
890 1646 1066 1714 α’νεόθονον
1086 1645 1194 1716 όιιωσ·

110 1746 149 1831 δὴ
171 1744 230 1829 τὴν
251 1748 376 1811 ἐκείνων
396 1745 620 1829 καταδρομήν,
641 1746 684 1821 ὥς
705 1742 770 1831 άρα
790 1745 846 1811 καί
867 1751 1054 1832 Κορινθίοις
1073 1753 1194 1833 προσῆ·

108 1862 171 1927 ψεν
197 1844 327 1926 ἔναγχος
353 1843 491 1928 ἔγκλημα
521 1842 577 1919 τάς
595 1845 654 1907 aad
684 1848 909 1928 α’ρχιποίμενος
929 1849 1094 1930 Κορίνθου
1125 1852 1195 1911 κατ’

64 1944 208 2011 ιόαάτοῦ
235 1939 383 2017 πολλάκις
415 1942 601 2025 ἐπιβουλάς,
637 1939 754 2007 ὁπόθεν
777 1949 832 2009 καί
852 1945 888 2008 τό
910 1940 1077 2009 Ναύπλιον
1096 1970 1194 2029 στρα·

107 2040 180 2107 τιάν
196 2040 362 2120 Ῥωμαίων
382 2042 620 2123 ἐπιδραμοόσαν
641 2036 761 2125 ἑώρακε
780 2042 836 2106 καί
852 2049 928 2126 νῆας
948 2045 981 2117 ἐς
993 2040 1072 2106 αάτό
1093 2069 1194 2108 κατα·

108 2136 289 2213 πλευσάσιις
309 2134 491 2221 πολεμικάς.
531 2140 693 2223 Ἀθηναῖοι
716 2142 751 2205 δὲ
774 2142 830 2207 καί
848 2144 958 2221 αὐτός,
980 2136 1085 2224 οἷόσπερ
1106 2164 1232 2216 sont-v,
1241 2162 1289 2217 321

1 2270 3 2281 ι
98 2242 171 2313 'esic
197 2235 425 2324 (ἐφεστήκασιν,
458 2234 543 2302 οότω
577 2237 633 2303 καί
663 2242 719 2303 τοῦ
747 2239 833 2323 ἔχειν
859 2246 1030 2328 πράγματα
1050 2247 1105 2309 καί
1123 2248 1191 2309 κατ’

107 2332 252 2421 άλλῆλων
280 2346 399 2421 χωρεῖν
434 2340 616 2425 φιλονείκως
649 2345 794 2404 πλεῖστον
815 2336 887 2407 όσον
909 2347 1109 2429 διείργονται.
1151 2343 1222 2421 τάς

1 2498 2 2501 ,
59 2464 100 2507 ao
111 2439 146 2501 δὲ
169 2432 247 2521 πρδς
272 2436 327 2502 τόν
347 2434 434 2521 ἱερέα
463 2440 517 2522 τῆς
543 2436 664 2513 πόλεως
689 2438 783 2503 oridia
803 2436 851 2506 ότι
871 2441 916 2525 μὴ
938 2442 977 2507 τά
1000 2442 1100 2508 πάντα
1121 2448 1194 2507 θεο-

109 2539 189 2621 φιλῆ
209 2534 265 2599 καί
284 2535 498 2618 πνευματικά,
519 2534 582 2619 εἴγε
602 2533 690 2619 όμὲν
710 2543 835 2624 πατέρα
857 2544 913 2606 καί
931 2547 1063 2622 ποιμένα
1084 2547 1194 2607 τοῦτον

107 2631 275 2715 ὀνομάζειν
306 2634 381 2699 οιῖδέ
401 2658 473 2701 ποτε
501 2632 697 2720 ἀπηνήνατο,
727 2642 783 2701 καί
799 2638 841 2702 τά
859 2642 914 2724 τῆς
935 2641 1038 2706 αὐτοῦ
1056 2639 1194 2726 γλάττης

107 2730 254 2820 ῥήματα,
287 2728 346 2800 όσα
384 2738 440 2799 καί
468 2732 567 2819 γλοκδ
603 2741 771 2823 μελίκηραν
793 2743 950 2823 βλίττειν,
979 2737 1115 2826 &petreis
1139 2739 1193 2806 διά

174 2942 217 2979 aa.
236 2925 398 3002 ὀνομάζειν]
416 2928 565 3003 ἀτιμάζειν
582 2928 634 2985 ada
655 2931 706 2984 dn.
725 2932 758 2984 Δ.
847 2930 891 2983 at.
905 2932 1030 2999 ρλίττειν
1045 2946 1090 2983 ora
1106 2933 1138 2984 Δ.

105 3107 227 3176 ignotum
249 3106 296 3157 sed
319 3122 399 3177 saepe
417 3108 599 3172 collocutum,
618 3124 741 3161 amovere
759 3114 860 3179 posset,
878 3110 973 3179 itaque
992 3125 1025 3161 ex
1042 3108 1110 3160 urbe
1127 3115 1189 3162 tan-

125 3194 186 3227 uarn
206 3178 345 3246 superiore
363 3180 423 3229 loco
442 3180 605 3230 monitorum
627 3180 738 3247 sagittas
752 3180 910 3243 eiaculatur,
930 3189 958 3231 et
974 3181 1104 3249 pastorali
1125 3180 1188 3231 saru-

105 3194 140 3298 da
160 3248 251 3297 divina
270 3248 352 3299 verba
380 3250 452 3299 iacit.
480 3250 628 3318 aliquando
650 3251 732 3301 eliam
750 3250 940 3319 spiritualibus
958 3251 1040 3301 minis
1058 3258 1188 3319 tanquam

105 3316 238 3369 arietibus
259 3318 377 3369 animum
398 3320 471 3369 illius
493 3328 613 3371 sternere
632 3321 759 3372 instituit
779 3320 926 3372 nonenim
945 3320 1042 3371 decere
1059 3338 1120 3372 euru
1139 3323 1187 3389 qui

104 3386 273 3437 Christianus
299 3390 335 3439 sit
353 3398 381 3440 et
408 3390 480 3440 inter
497 3392 629 3441 Rouaanos
647 3408 746 3443 nomen
767 3408 846 3442 suum
864 3390 1037 3460 profiteatur,
1055 3392 1186 3444 liornanos

104 3456 179 3507 bello
201 3468 309 3525 petere,
328 3460 380 3511 nisi
400 3460 553 3511 lutterulis
574 3460 654 3513 labiis
681 3460 864 3512 Christianum
881 3470 950 3529 agat,
973 3470 1003 3511 at
1021 3469 1050 3512 et
1067 3470 1140 3513 veste
1159 3471 1188 3514 et

103 3527 196 3595 lingua
222 3527 353 3580 duntaxat
375 3532 537 3593 Romanurn,
567 3530 649 3583 corde
676 3548 739 3582 vero
764 3532 956 3583 aChristiauia
985 3532 1021 3582 sit
1038 3533 1186 3583 remotissi-

102 3614 171 3649 mus.
193 3614 272 3667 quarn
302 3615 365 3649 vero
392 3616 498 3651 casrsum
523 3600 625 3653 lrabeat
649 3620 683 3671 op
705 3600 824 3671 ugnandi
847 3600 983 3653 Athenas?
1001 3618 1062 3651 nam
1080 3604 1184 3671 Argivis

103 3668 140 3720 ob
161 3668 327 3720 vicinitatem
345 3678 438 3738 posset
458 3670 571 3723 forsitan
590 3619 702 3742 aliquid
714 3672 819 3724 crimini
838 3672 912 3736 dare,
934 3688 989 3741 quo
1009 3672 1118 3722 illorum
1137 3690 1185 3723 ex·

101 3738 232 3809 pugnatio
252 3750 408 3803 extruetur,
428 3742 656 3811 quemadmodum
676 3752 704 3795 et
720 3743 868 3795 Corinthiis
886 3759 973 3812 nuper
988 3742 1184 3812 archiepiscopi

103 3826 196 3861 eorum
215 3812 321 3861 crebras
351 3812 463 3862 insidias
483 3814 628 3878 obiecerit,
650 3813 721 3865 unde
741 3816 888 3864 Romanum
907 3814 1053 3864 exercitum
1070 3814 1182 3883 Naupli-

101 3898 148 3931 um
170 3896 308 3932 accarrrere
328 3890 356 3933 et
378 3900 457 3933 uates
479 3883 592 3935 hostiles
619 3886 757 3953 appellere
775 3883 883 3935 viderit.
920 3884 1097 3935 Athenienses
1117 3902 1182 3935 vero

101 3960 131 4003 et
151 3950 257 4019 ipsum,
282 3960 311 4002 ut
328 3952 394 4003 locis
419 3954 536 4019 distent,
555 3956 593 4007 ita
623 3956 693 4006 nilail
711 3955 825 4006 invicem
843 3954 945 4005 habere
962 3957 1080 4022 negotii,
1102 3964 1129 4005 et
1147 3955 1185 4005 at

102 4022 175 4073 orani
196 4022 378 4073 aemulatione
398 4034 515 4077 remotos
538 4040 603 4075 ease.
621 4044 680 4076 cura
699 4027 775 4077 urbis
796 4040 876 4095 porro
894 4026 1034 4077 sacerdote
1051 4026 1120 4076 nillil
1140 4028 1182 4075 ia-

101 4092 241 4144 tereedere
258 4094 311 4144 nisi
332 4094 377 4162 pia
395 4102 422 4145 et
431 4096 591 4163 ⁸spiritualia
610 4098 785 4159 commercia,
817 4097 944 4165 quoniam
963 4098 1035 4147 huuc
1056 4099 1115 4165 ipae
1132 4112 1181 4163 pa-

101 4170 169 4214 trem
188 4172 216 4215 et
232 4174 367 4234 pastorem
387 4166 526 4233 appellare
544 4184 681 4237 nunquam
703 4162 841 4229 recusarit,
852 4175 880 4217 et
898 4169 1031 4217 suauitate
1049 4166 1180 4216 orationis

101 4233 161 4283 eius
179 4234 261 4302 magis
290 4234 420 4287 alliciatur
438 4254 517 4306 quam
540 4238 628 4289 mallis
649 4238 812 4301 dulcedine,
832 4254 918 4306 eaque
937 4254 1041 4306 sarnper
1063 4237 1116 4285 frui
1134 4252 1177 4285 cu·

100 4303 173 4373 piat,
190 4304 233 4356 hic
250 4322 313 4358 vero
336 4306 425 4375 ipsum
452 4308 480 4360 in
506 4309 687 4380 spiritualium
705 4310 823 4362 liberam
842 4325 985 4361 numerans
1004 4305 1182 4363 retuleritac

151 4391 261 4446 Nicetes
282 4392 435 4449 Cisoras'ater.
941 4396 971 4449 51
