3017 4892
283 343 369 446 δυο
607 363 781 428 uscerss
816 363 1053 462 cuouurss

284 519 388 597 ζδνων
407 505 517 600 υἵκροις
537 513 716 600 ἀφίπτατο,
742 514 799 578 καί
826 515 1053 594 διεψευσμένος
1079 503 1117 596 ἧν
1146 508 1185 576 τὰ
1213 511 1312 576 πολλοὶ
1345 505 1367 598 ἢ

279 613 470 703 Ἀνδρονίκῳ
482 611 725 696 διασοβοδμενος
738 606 816 698 ὅναρ
838 609 987 688 πολλάκις
1007 613 1218 698 ἐφισταμένῳ,
1239 606 1366 694 ἦδσους

284 715 304 779 ὅ
323 713 445 801 τραχὺς
467 703 559 786 οὗτος
573 715 629 777 καί
641 715 864 794 δυσεκβιαστος
884 710 940 777 καί
957 709 1176 795 ἀπαραίτητος
1194 709 1252 794 τὴν
1273 707 1371 793 σ’ργῆν

283 817 338 899 τῆς
357 815 473 888 οἰκείας
494 813 644 894 ἅπηνείας
676 809 765 876 ἔθετο
787 809 956 896 πάρεργον.
999 807 1018 874 δ
1037 808 1098 894 γὰρ
1118 808 1172 876 ἐπὶ
1189 811 1253 874 τοῖν
1273 810 1370 892 ἐσχά-

181 924 212 977 V.
228 937 344 995 ιγιτιον
365 908 587 995 συμβήσεσθαι
605 909 733 996 ἦμεροῖν
763 908 781 973 ὅ
809 911 1021 994 δεάνθρανπος
1050 908 1280 994 προηγόρευσε,
1311 912 1402 994 ‹lq-5

282 1008 384 1077 λονότι
405 1008 554 1092 ,ἔσονται
575 1009 605 1072 oi
624 1010 683 1073 δύο
704 1010 759 1073 tut
777 1011 881 1093 κλίνης
898 1014 995 1090 μιᾶς,
1016 1003 1033 1072 ὃ
1053 999 1098 1082 εἷς
1122 1004 1370 1092 παραλαμβάνε-

281 1134 334 1174 ται
355 1107 409 1172 καί
428 1103 445 1170 ὅ
467 1107 572 1191 ἕτερος
593 1103 762 1193 ἇφίεται,”
780 1111 872 1172 τοῦτο
891 1107 1030 1189 ἀτεχνῶς
1051 1106 1110 1171 xlv
1137 1115 1207 1182 ταῖς
1234 1106 1371 1205 η’μὲραις

191 1219 275 1274 2208
283 1211 416 1281 ἐκείναις
429 1209 558 1289 ἐγίνετο,
579 1202 648 1280 ἑνός
667 1229 749 1282 τινος
770 1207 833 1270 τοῖν
853 1206 1012 1271 συνεύναν
1031 1201 1161 1282 ἐξάπινα
1181 1211 1371 1288 συλλαμβα-

281 1311 412 1388 νομένου
433 1308 489 1370 καί
509 1308 711 1388 α’παγομένου
731 1306 810 1392 πρὸς
829 1305 1009 1390 σωματικὴν
1029 1305 1176 1374 κάκωσιν.
1218 1303 1367 1389 οὐδὲγὰρ

279 1405 337 1470 καί
352 1413 495 1488 γυναῖκες
515 1404 643 1488 α’πῆσαν
662 1405 720 1469 τοῦ
737 1403 781 1489 μη
804 1403 866 1469 sind
889 1407 976 1488 δίκην
996 1408 1119 1469 σιἰιτειν
1137 1402 1192 1469 καί
1210 1402 1248 1470 τὰ
1269 1405 1370 1468 α’πευ-
1385 1431 1426 1474 ιο

279 1514 371 1570 κταῑα
392 1504 602 1592 ὑφίστασθαι,
627 1501 707 1568 α’λλοὶ
728 1506 785 1570 καί
798 1501 918 1569 τούτων
928 1505 986 1568 osis
998 1501 1103 1586 σ’λίγαι
1114 1503 1150 1568 τὸ
1165 1507 1227 1568 τῶν
1242 1505 1370 1588 ὀφθαλ-

280 1605 350 1685 mlv
378 1599 545 1668 οἶποίλεοαν
578 1606 647 1690 φῶς
669 1606 725 1668 καί
751 1601 845 1685 λιμὸν
874 1601 930 1668 καί
945 1601 1091 1689 φρουρὰν
1118 1603 1175 1668 καί
1201 1599 1371 1682 αι’κιομοίς

278 1697 460 1786 ὑπέστησαν
481 1700 640 1782 σώματος.
682 1700 739 1767 καί
768 1699 870 1786 πατὴρ
900 1699 1008 1786 η’λόγει
1039 1703 1171 1783 τέκνων,
1202 1699 1258 1766 καί
1284 1697 1370 1778 υἱεῖς

277 1799 462 1884 ὠλιγώρουν
482 1801 613 1883 πατρός·
655 1804 712 1866 καί
727 1799 937 1886 διεμερίζοντο
952 1803 1042 1866 πέντε
1061 1804 1095 1865 ἑν
1113 1799 1187 1888 οἴκιρ
1207 1795 1262 1881 ἑνί,
1281 1809 1371 1882 τρεῖς

276 1898 333 1965 ἐπὶ
352 1898 428 1964 δυσί
449 1896 505 1964 καί
525 1899 583 1963 δύο
603 1901 658 1964 ἐπὶ
681 1897 778 1984 τρισί.
820 1901 930 1963 πολλοί
959 1901 994 1964 δὲ
1019 1897 1074 1964 καί
1098 1899 1142 1974 ὥς
1163 1895 1368 1980 Σοδομιτικὸν
1385 1905 1425 1968 ¹5

276 1996 459 2086 ἐμπρησμὸν
477 1996 531 2064 τὸν
551 2001 608 2064 τοῦ
627 1999 837 2083 Ἀνδρονίκου
858 1995 966 2080 θυμὸν
985 1996 1202 2082 ἐκτρεπόμενοι
1225 1993 1369 2083 φυγάδες

275 2094 339 2186 δλιρ
358 2097 435 2162 ποδί
458 2101 515 2181 τῆς
538 2100 687 2183 πατρίδος
706 2093 872 2181 γεγόνασιν
898 2099 954 2162 καί
978 2104 1043 2171 τοῖς
1072 2099 1108 2162 εἰι
1129 2093 1271 2179 γειτόνων
1287 2096 1368 2162 Ῥω-

243 2198 383 2276 λλμαίοις
405 2199 622 2279 παρενέβαλον
641 2195 787 2278 ἔθνεσιν,
809 2197 842 2261 οἳ
858 2192 914 2259 καί
939 2189 1024 2284 εἶχον
1048 2188 1088 2259 δν
1114 2191 1250 2270 ἑαυτοδς
1280 2196 1368 2258 εἶπα-

275 2291 449 2370 δεστοίτους
470 2299 593 2376 κακῶν,
617 2297 648 2360 εἰ
665 2292 724 2378 τήν
748 2292 853 2379 φυγην
882 2295 922 2380 τῇ
939 2292 1150 2376 Ἀνδρονίκου
1176 2295 1242 2380 ζωῇ
1271 2317 1368 2358 συνε-

274 2393 447 2474 μέτρησαν.
488 2398 543 2457 νῦν
565 2396 600 2457 δὲ
620 2395 682 2457 τοῖν
702 2397 768 2458 κατ’
790 2389 874 2458 οἶκον
893 2392 1158 2474 μεταποιούμενοι
1184 2394 1229 2470 εἷς
1248 2391 1419 2477 στήληνπο

274 2492 334 2570 μὲν
345 2485 422 2564 οἷλός
433 2489 513 2554 κατὰ
526 2489 584 2574 τὴν
595 2500 732 2574 γυναῖκα
739 2490 819 2556 Acir
838 2493 896 2556 ουίι
908 2487 1077 2576 ε’πάγησαν,
1089 2493 1165 2556 ον’δὲ
1178 2489 1284 2574 νεκρὸς
1296 2493 1367 2573 ε’γε-

275 2583 419 2670 γόνεισαν
428 2583 495 2672 ἃλς,
509 2581 611 2666 ἄλλους
625 2590 662 2654 δὲ
675 2593 899 2677 μωρανθὲντες
908 2588 943 2654 rt
957 2591 1014 2675 ζῆν
1022 2594 1241 2675 κατέστρεψαν
1250 2592 1364 2665 κακῶς.

350 2772 370 2806 ι.
388 2756 562 2829 ψευδόμενος
572 2759 604 2810 A.
674 2772 699 2807 n.
717 2757 764 2829 ἐφ.
782 2758 876 2812 κακῶν
894 2756 954 2824 rid.
1024 2760 1047 2811 5.
1067 2757 1203 2830 δηλονότι]
1220 2755 1263 2812 ὅτι
1279 2758 1362 2811 ἔσον-

343 2845 391 2880 ται
409 2826 459 2881 δύο
478 2834 507 2880 λ.
595 2832 620 2882 8.
641 2825 713 2915 ἑνός]
741 2833 871 2900 κειμένου
896 2823 954 2898 γίιρ
975 2827 1024 2882 τοῦ
1049 2825 1226 2900 δνδρογὺνου
1252 2831 1364 2894 ἐπίσης

343 2899 435 2963 κλίνης
453 2897 468 2953 δ
489 2892 775 2971 είςπαρελαμβανετο
792 2897 929 2970 καὶπρὸς
947 2905 1087 2971 τιμωρίαν
1106 2893 1267 2971 σωματικὴν
1286 2897 1363 2966 ἀπί-

342 2986 409 3039 γετο
421 2972 448 3022 Β.
523 2988 561 3042 ¹9·
583 2967 804 3044 συνεμέτρησαν]
822 2972 1057 3041 συνεπέρανανΑ.

273 3121 385 3174 solliciti
411 3126 551 3188 viverent,
575 3142 627 3176 nec
655 3127 743 3176 securi
773 3141 897 3177 somnum
921 3131 1064 3194 caperent,
1088 3123 1136 3176 sed
1157 3122 1248 3176 subito
1269 3126 1361 3178 territi

273 3195 523 3263 expergiscerentur
552 3195 739 3246 Andronicum
764 3195 792 3246 in
820 3213 848 3246 se
882 3197 985 3246 irruere
1013 3195 1079 3257 rati,
1107 3203 1155 3245 aut
1183 3212 1228 3246 eos
1247 3213 1361 3248 cernere

272 3279 341 3383 ροσε
359 3281 437 3335 asper
465 3267 512 3316 ille
543 3265 725 3334 implacabilis
752 3273 781 3317 et
808 3265 985 3317 inexorabilis
1014 3263 1170 3316 trucidaret.
1200 3281 1262 3316 nem
1281 3266 1360 3336 quod

293 3352 339 3385 eus
359 3345 387 3388 et
411 3334 492 3388 borno
510 3335 634 3388 Christus
661 3337 787 3388 extremis
812 3334 981 3405 temporibus
1000 3336 1120 3386 loturum
1139 3351 1198 3387 esse
1220 3335 1305 3398 dixit,
1326 3345 1360 3389 ut

271 3403 351 3461 binis.
362 3408 392 3457 in
418 3407 514 3458 eodem
538 3405 613 3458 lecto
640 3406 804 3458 cubantibus
822 3407 891 3474 alter
909 3414 1061 3458 assumetur
1078 3405 1359 3475 altervrelinquatur,

270 3472 301 3523 id
317 3477 428 3527 omniuo
455 3479 511 3529 illis
540 3475 638 3528 diebus
664 3476 819 3538 accidebat,
837 3489 906 3528 'cum
931 3477 1001 3528 alter
1026 3477 1170 3545 coniugum
1201 3476 1238 3527 ad
1253 3493 1359 3546 poenus

271 3559 384 3611 corpore
410 3545 524 3604 luendas
555 3547 647 3599 subito
666 3555 805 3617 raperetur
825 3547 927 3619 (neque
946 3547 1019 3599 enim
1046 3547 1207 3598 mulieribus
1231 3563 1360 3600 concessu

272 3620 331 3664 erat
348 3614 510 3682 impunitas:
537 3620 605 3688 quin
628 3625 657 3669 et
674 3617 769 3669 barum
788 3634 844 3669 non
859 3635 962 3687 psucne
986 3617 1072 3669 oculis
1091 3615 1203 3669 orbatae
1222 3633 1358 3670 carcerem

270 3681 369 3735 samem
387 3685 500 3737 verbera
527 3688 707 3750 tolerarunt,
732 3695 811 3757 pater
835 3689 906 3740 filios
927 3689 1094 3758 negligeret,
1112 3686 1172 3738 diiii
1189 3697 1280 3756 patres
1300 3703 1358 3742 non

174 3806 178 3814 ,
271 3761 415 3818 curnrent3
435 3756 458 3807 si
475 3757 505 3807 in
523 3757 620 3809 iisdem
639 3706 754 3810 nedibus
779 3758 857 3828 quini
876 3769 980 3820 essent,
1000 3759 1073 3810 terni
1090 3757 1163 3810 binis
1181 3766 1209 3810 et
1225 3759 1285 3811 bini
1300 3766 1358 3810 ter·

269 3823 314 3876 uis
339 3823 553 3878 sdversarsntur.
579 3829 659 3879 multi
678 3830 761 3880 etiam
788 3827 936 3880 Andronici
966 3829 1135 3882 iracundiam
1154 3837 1186 3880 ut
1206 3828 1359 3881 Sodomiti-

269 3910 330 3945 cnm
354 3894 510 3948 incendium
537 3899 616 3950 remis
642 3905 670 3950 et
694 3901 762 3951 velis
791 3899 926 3968 fugientes
945 3917 1025 3984 quam
1051 3899 1209 3968 longissime
1228 3917 1243 3950 ο
1265 3901 1357 3970 petrin

268 3961 461 4031 discedebant3
485 3967 534 4037 qni
561 3969 585 4020 si
612 3969 725 4020 exilium
746 3985 833 4037 usqne
862 3968 897 4020 ad
922 3969 997 4021 illius
1025 3970 1133 4024 ebitum
1152 3969 1356 4034 extendissent,

266 4033 355 4086 omnis
372 4034 437 4086 mali
457 4045 581 4107 expertes
600 4039 820 4109 permansissent
838 4056 911 4090 nune
924 4039 987 4091 dum
998 4041 1037 4091 rei
1057 4041 1187 4093 familiari
1199 4041 1355 4094 consultum

266 4103 379 4168 volunt,
397 4123 454 4158 non
471 4107 583 4177 quidem
604 4110 634 4160 ln
652 4118 769 4162 statuam
788 4107 854 4161 selis
871 4117 935 4161 sunt
952 4111 1047 4162 mutati
1067 4119 1100 4162 ut
1121 4111 1182 4162 toti
1201 4127 1287 4175 uxor,
1303 4127 1355 4163 ne-

266 4190 321 4244 que
340 4175 380 4227 sal
399 4187 552 4233 emortuum
571 4187 732 4244 eraserunt,
755 4177 805 4234 ssd
823 4179 928 4253 sliequl
942 4181 1040 4236 mentis
1058 4197 1149 4236 errore
1168 4183 1259 4242 affecti
1279 4181 1354 4235 msls

265 4253 353 4300 morte
371 4248 522 4320 perierunt·
