3017 4892
296 333 381 419 612
620 354 795 423 uremur-2
828 354 1065 421 cnouuun

296 507 406 593 ἰσχύος
419 504 558 573 ἕπεσθαί
570 503 599 571 oi
615 504 693 570 κατά
710 504 876 587 Ῥωμαίων
895 502 1112 585 πρωτεύοντι,
1124 504 1182 567 καί
1196 503 1292 567 πάνθ’
1302 498 1374 566 int·

294 632 338 671 σοι
358 599 531 670 ἐπιτάττειν
540 600 607 686 ἔχει
629 604 755 691 ποιεῖν),
769 596 838 666 οὔτε
859 594 905 677 οἷς
924 604 1084 667 ἐπέστελλε
1099 597 1238 685 κράβδην
1259 591 1316 677 σάς
1332 624 1375 677 τις

294 706 451 787 ὑπέσχετο
478 696 637 783 εὔεικτον,
666 697 746 767 άλλά
777 701 892 777 πάντες
912 700 956 776 οὖς
984 702 1118 776 ἀσπίδες
1137 694 1185 776 οἷς
1204 702 1302 787 ἐπῇδε
1322 698 1376 777 τάς

295 802 394 879 α’κοάς
413 803 620 886 έπέφροιττον.
659 801 707 877 τίς
726 798 788 883 γάρ
809 794 850 864 cir
871 802 973 888 θηρίφ
994 800 1267 883 κατηκολούθησεν
1285 798 1375 879 αἱμα·

293 897 397 989 βάρφ,
416 910 482 983 μετ’
503 900 543 963 ου’
563 897 642 964 nolti
662 908 729 975 ταῖς
744 893 862 981 άλρεσιν
880 898 1099 983 έμπηδησοντί
1113 920 1147 962 τε
1166 896 1223 962 καί
1243 890 1399 981 ‹lucrosi-5

293 1024 399 1082 σοντις
420 996 442 1085 ἢ
461 1002 528 1082 μετ’
549 992 652 1085 ὄφεως
672 996 799 1081 ίοβάλου
821 1003 932 1085 φιλιάν
952 1001 1117 1080 συνέθετο,
1138 992 1198 1061 κάν
1220 1000 1375 1081 προσπλέ·

292 1098 378 1165 notri
398 1087 448 1176 τιςΙ
463 1099 556 1184 αὐτῷ,
576 1095 630 1161 τάν
651 1094 701 1161 tis
722 1098 907 1179 ε’ξεμοῦντος
922 1095 1120 1176 θανάσιμον,
1140 1090 1199 1160 κάν
1220 1096 1255 1160 ἐν
1273 1095 1375 1185 κάλπη

293 1198 475 1285 διαθάλπη,
512 1191 645 1280 άλέθρια
672 1194 861 1275 δάκνοντοςς
881 1194 964 1281 πλὴν
997 1192 1079 1259 άλλά
1109 1194 1166 1259 καί
1184 1184 1277 1271 οὗτος
1296 1195 1375 1259 κατά

291 1302 381 1363 θεῖον
412 1298 557 1383 ἐξέρρηξε
587 1294 668 1378 μετά
700 1294 808 1379 βραχέι
840 1292 874 1360 τά
904 1296 1075 1377 ψυχίδιον,
1096 1293 1153 1359 καί
1172 1303 1239 1372 τοῖς
1259 1300 1376 1369 λοιποῖς

291 1398 466 1481 προσετέθη
484 1394 649 1480 τυράννοις
680 1392 735 1470 οδς
750 1396 821 1480 χείρ
842 1397 954 1479 κυρίου
975 1392 1128 1481 ἠφάνισε,
1147 1389 1207 1458 κάν
1226 1394 1286 1457 ουίι
1304 1393 1419 1467 cio-10

247 1496 251 1507 '
292 1500 350 1560 θεν
369 1494 496 1574 άμέσοος
515 1502 616 1558 ποιεῖν
637 1490 660 1559 ά
681 1502 857 1557 καινοποιει·
872 1491 1021 1569 πολλάκις
1037 1493 1188 1579 σωτήρια.
1229 1488 1322 1581 ᾔδετο
1341 1496 1377 1559 δέ

292 1595 374 1679 μηδὲ
399 1597 523 1681 φυσικῷ
542 1590 671 1681 θανάτῳ
694 1595 834 1676 δαμῆναι
862 1592 918 1657 τάν
945 1592 1126 1677 ἀλιτήριον,
1146 1592 1225 1657 άλλά
1246 1596 1377 1678 φαρμά-

198 1695 336 1779 Ρ.ε99ιιφ
363 1692 557 1757 ἀπολωλέναι
591 1690 873 1775 κυλικοφορηθέντι
890 1688 978 1775 παρά
999 1714 1081 1766 τινος
1099 1696 1246 1775 μεγάλοις
1262 1689 1377 1776 δώροις

290 1792 545 1875 ἐπιρρωσθέντες
565 1788 646 1874 πράς
668 1782 802 1874 τοῦργον
821 1787 884 1854 sino*
905 1794 963 1855 rosi
984 1792 1140 1872 βασιλέως
1161 1790 1268 1859 αὐτοῦ.

374 1894 406 1970 4.
446 1889 516 1953 Ἐπί
536 1892 615 1954 πᾶσι
635 1892 663 1952 δ’
685 1883 731 1964 οἷς
746 1884 892 1967 Ἀλέξιος
912 1891 1101 1973 έπειράσατο
1120 1892 1329 1972 βασιλεύσας,
1349 1886 1382 1956 εἴ
1390 1896 1420 1961 15

291 2015 357 2065 ποος
378 1993 541 2056 σπείσαιτο
558 1984 715 2071 Βλάχοις,
743 1988 798 2053 καί
815 1992 963 2075 πρέσβεις
982 1992 1130 2075 πέπομφε
1145 1988 1224 2074 πρὸς
1243 1992 1299 2055 τὰν
1311 1994 1379 2055 Πέ-

290 2115 363 2173 τρον
381 2092 436 2153 καί
453 2088 508 2153 τὸν
532 2085 643 2156 Ἀσάν.
691 2084 823 2170 έπέρανε
859 2090 888 2153 δ’
912 2090 981 2153 οὔδ’
1002 2084 1082 2166 ὅλους
1100 2085 1159 2175 την
1176 2088 1307 2175 είρηνην
1327 2093 1382 2155 καί

291 2176 349 2264 τάς
371 2183 528 2269 σπονδάς,
558 2180 611 2253 οἷα
631 2189 696 2251 τῶν
720 2186 848 2273 άνδράν
867 2187 988 2252 τοάτοον
1010 2184 1208 2273 ὑπερόγκως
1227 2187 1287 2263 τάς
1301 2192 1380 2251 άπο-

291 2288 409 2369 κρίσεις
441 2289 679 2368 ποιησαμένων,
710 2287 838 2349 κιίκεῑνα
858 2290 1086 2369 προσθεμένων
1106 2286 1189 2370 άπερ
1210 2286 1380 2372 είρὴνηςά

286 2382 453 2465 Ῥωμαίοις
480 2382 621 2449 α’δάνατά
649 2407 684 2448 τε
717 2386 773 2447 καί
798 2377 897 2467 άτιμα
928 2384 1088 2468 δήπουθεν
1110 2379 1159 2472 ἦν.
1200 2386 1312 2467 οἷμέλει
1333 2410 1420 2451 rosso

289 2486 345 2547 τοῦ
365 2486 521 2564 βασιλέως
549 2481 626 2547 κατά
660 2480 719 2565 την
748 2484 791 2545 ἕω
813 2487 1027 2566 διατρίβοντος
1054 2484 1293 2571 προσβάλλουσι
1316 2496 1379 2561 τοῖς

291 2584 366 2669 περί
389 2580 447 2656 τάς
467 2584 588 2667 Σέρρας
611 2586 840 2668 Βουλναρικοῖς
870 2586 1011 2667 θέμασι,
1040 2586 1097 2650 καί
1117 2583 1153 2649 τά
1173 2582 1378 2667 αὐλιζόμενοι

363 2785 388 2839 8.
406 2772 480 2847 uiris
512 2771 595 2856 sitii]
626 2778 704 2854 ὅμως
731 2784 780 2837 καὶ
806 2787 909 2838 τοῦτον
934 2785 951 2838 ά
978 2776 1046 2845 θεάς
1072 2786 1220 2856 συντόμως
1237 2788 1269 2839 ix
1287 2790 1380 2858 μέσον

363 2850 504 2924 δφάνισε,
522 2848 576 2905 κᾶν
593 2857 642 2905 καὶ
658 2855 798 2914 πολλάκις
815 2858 864 2908 ἐπὶ
884 2854 1042 2912 ursanum
1059 2855 1183 2927 βραδένη
1201 2861 1252 2910 καλ
1266 2876 1379 2931 μακρο·

363 2928 467 2997 θυμῶν
485 2923 617 2994 araxim.
636 2924 663 2975 li.

293 3094 422 3163 coarguit.
444 3110 535 3165 neque
563 3094 635 3147 enim
655 3094 733 3148 Persa
756 3094 902 3165 postulatis
927 3095 986 3149 eius
1015 3097 1112 3150 annuit
1129 3096 1271 3169 (cupiebat
1286 3106 1380 3151 autern

293 3181 355 3217 eum
376 3166 503 3217 Romanis
527 3166 631 3217 bellam
650 3166 812 3218 inferentem
834 3184 895 3218 oum
914 3168 1040 3219 omnibus
1061 3170 1147 3237 copiis
1164 3170 1221 3221 suis
1238 3186 1268 3222 se
1289 3171 1334 3233 ui,
1352 3179 1382 3223 et

292 3237 352 3287 eius
370 3236 450 3288 iussis
476 3236 602 3287 omnibus
624 3236 844 3308 obtemperare),
870 3253 961 3306 neque
980 3241 1124 3308 quisquam
1145 3255 1239 3291 eorum
1256 3186 1294 3291 el
1310 3258 1382 3311 quos

293 3306 362 3357 clam
389 3307 528 3359 scribebat
548 3306 679 3375 benignas
701 3324 782 3359 aures
799 3309 826 3359 ei
845 3310 980 3377 praebuit
1001 3309 1062 3379 quis
1082 3312 1155 3361 eninr
1178 3309 1300 3362 belluam
1315 3330 1383 3364 een-

292 3378 442 3443 guinsriam
461 3377 545 3447 poulo
568 3386 632 3446 post
649 3378 678 3429 in
696 3378 793 3429 iaciens
819 3378 972 3430 invasurum
998 3388 1027 3432 et
1054 3380 1232 3432 laceraturam
1249 3397 1384 3451 sequere-

292 3447 358 3498 tur?
378 3456 426 3499 aut
443 3465 505 3499 cum
529 3455 664 3499 venenato
688 3457 816 3517 serpente
848 3450 995 3501 amicitiam
1021 3450 1215 3515 constitueret,
1239 3454 1306 3520 qui,
1323 3454 1384 3505 sive

292 3516 503 3585 amplectereris,
522 3516 605 3569 letale
623 3520 696 3569 uirus
715 3526 871 3584 evomeret,
889 3522 945 3571 sive
964 3520 1215 3584 insinuatorem,
1252 3524 1385 3575 estilesos

293 3586 390 3637 dentes
414 3588 557 3657 infigeret?
592 3589 731 3641 enimvero
758 3598 788 3641 et
815 3589 862 3641 hic
879 3590 961 3659 paulo
983 3600 1046 3660 post
1064 3601 1186 3644 mortuus
1203 3609 1221 3642 a
1258 3602 1384 3645 cseteros

292 3664 421 3722 tyrannos
442 3656 487 3709 risi
505 3667 573 3711 nutu
592 3660 715 3711 sublatos
739 3660 827 3722 abiit,
845 3661 1009 3713 mirabiliter
1027 3662 1157 3730 quidem,
1177 3662 1302 3715 sednon
1320 3663 1384 3715 sine

292 3726 480 3779 instrumentis
504 3730 619 3780 salutem
650 3732 744 3782 atierre
772 3731 856 3782 soliti.
880 3731 1019 3783 serebatur
1035 3741 1128 3785 autem
1143 3749 1201 3785 non
1217 3734 1385 3785 naturaiiter

292 3796 341 3848 seul
363 3812 467 3847 veneno
492 3815 540 3866 per
561 3801 717 3869 pincernam
749 3803 854 3869 magnis
871 3801 1064 3871 largitionibus
1081 3804 1117 3855 ab
1136 3804 1197 3874 ipso
1215 3804 1384 3874 imperatore

292 3874 449 3934 corruptum
468 3868 614 3937 propinato
632 3872 778 3923 interiisse.

362 3939 387 4003 4.
423 3937 565 3989 Caeterum
574 3941 684 3992 Alesios
703 3944 808 4013 potitus
827 3942 959 4011 imperio,
979 3943 1068 3995 missis
1085 3942 1121 3993 ad
1138 3944 1246 3995 Petnrm
1265 3950 1295 3995 et
1312 3944 1386 3997 Διε-

292 4022 353 4059 nem
374 4006 490 4075 legatis,
503 4024 596 4077 pacem
618 4029 679 4063 cum
696 4012 805 4065 Blachis
830 4013 919 4065 lacere
936 4014 1051 4065 studuit.
1068 4014 1120 4065 scd
1135 4014 1235 4065 frustra
1252 4015 1277 4065 is
1297 4031 1385 4066 cona·

291 4088 336 4129 tus
354 4078 409 4129 suit
428 4076 463 4130 ob
483 4080 628 4147 superbum
648 4090 677 4134 et
695 4082 772 4135 ieron
788 4084 965 4137 barbarorum
982 4100 1140 4154 responsum
1159 4092 1188 4136 et
1205 4084 1384 4137 conditiones

292 4150 418 4202 liomauis
430 4149 588 4201 inhonestas
609 4160 637 4202 et
654 4152 852 4206 intolerabiles.
873 4154 936 4206 dum
955 4164 1045 4207 autem
1062 4155 1207 4224 imperator
1223 4155 1252 4205 in
1262 4153 1382 4206 Oriente

291 4228 421 4287 versatur,
443 4222 473 4275 in
489 4221 658 4291 Bulgaricum
672 4240 764 4291 agrum
781 4226 858 4278 iuxta
868 4224 960 4279 Serras
974 4225 1130 4280 incursione
1149 4226 1229 4291 taen,
1248 4223 1381 4297 uictaque
