3017 4892
271 284 357 384 614
583 302 755 369 MOETAE
790 299 1029 366 erronum

270 456 435 544 ipsiusve,
468 454 549 520 citici
579 450 714 537 γλώττης
742 444 839 535 ὄχλον
858 446 1091 532 εἶσοινιζόμενα
1114 450 1253 534 φύλακές
1273 448 1355 523 εἰσιν

237 558 452 643 Ιὶάλλοτρίαν,
473 553 657 619 καὶτούτων
674 553 822 619 ἐναντίων
838 550 988 626 πολλάκις
1005 546 1222 632 ἒνιγχημάτων.
1249 546 1355 633 ἀσφα-

268 656 328 739 λὴς
351 660 387 720 δέ
407 658 475 721 ἐστι
505 656 566 718 τῶν
595 655 766 737 γινομένων
796 647 959 735 διαιτητὴς
981 642 1172 735 ὀφθαλμός,
1194 642 1249 710 καί
1271 646 1356 731 μα’ρ·

268 779 326 831 τυς
354 745 399 819 ὧν
423 757 572 819 τεθέαται
592 749 864 835 ἀπαραλόγιστος,
898 751 960 832 οάχ
980 744 1134 833 ἑτέρωθεν
1153 748 1358 837 εἰσχεομένην

268 850 351 937 ἔχων
373 852 432 938 τήν
452 856 559 917 πίστιν
584 849 627 929 ὥς
645 848 702 935 τὴν
720 853 784 916 τῶν
812 851 987 933 λεγομένων
1005 846 1052 922 εἷς
1073 848 1229 931 ἐνοίκησιν
1250 844 1388 929 ἀνοὴν.5

268 952 312 1039 μὴ
337 944 393 1020 οάν
416 950 455 1037 δὴ
477 949 534 1017 καί
551 951 642 1033 ὑμεῖς
669 954 820 1037 θροεῖσθε
843 946 886 1025 ἀς
906 946 924 1013 ὅ
945 950 1004 1013 νῦν
1020 942 1186 1027 Ῥωμαίων
1204 941 1357 1026 βασιλεύ-

270 1078 314 1119 ων
332 1060 472 1136 γενναῖος
500 1049 562 1115 ἀπὸ
593 1047 703 1137 φήμης
734 1047 940 1135 κηρύττεται,
972 1047 1041 1111 ἀλλ’
1061 1048 1093 1111 εἶ
1111 1042 1252 1120 τοιοῦτός
1270 1046 1358 1109 ἐστιν

271 1155 379 1229 ὁποῖος
402 1142 515 1241 ᾅδεται
536 1148 644 1235 χρεων
664 1152 859 1233 σκέψασθαι.
910 1144 1026 1231 ὄδηγὸς
1044 1148 1080 1213 δὲ
1101 1140 1179 1228 tipo
1199 1144 1245 1219 είς
1265 1145 1359 1208 τοῦτο

269 1254 348 1319 ἔστω
379 1254 447 1334 βίος
474 1248 491 1313 ὅ
521 1245 690 1335 πρότερος,
719 1250 778 1313 καί
805 1244 984 1333 καθηγητὴς
1011 1242 1146 1329 ἀκριβής
1163 1246 1222 1309 τοῦ
1245 1240 1358 1326 ἀνδρὸς

269 1348 490 1419 καθιστάσθω.
536 1348 617 1435 ἀτοὶρ
639 1352 671 1416 εἰ
689 1344 941 1436 φιλοκρινήσετε,
964 1347 1024 1410 οὐκ
1044 1340 1083 1411 ἀν
1107 1346 1158 1431 ἐφ’
1177 1343 1283 1408 ὁτιοῦν
1302 1338 1357 1406 εὖ·
1370 1368 1406 1409 ιο

269 1448 459 1537 δοκιμηιιὸτα
480 1447 604 1515 εἴσεσθε
622 1451 767 1515 τουτονί·
812 1442 961 1532 οὔτεγὰρ
979 1450 1126 1529 πολέμοις
1144 1443 1283 1529 ὦμίλησε
1302 1444 1361 1509 καί

265 1550 423 1628 κινδύνοις
450 1549 530 1635 ὑπὲρ
553 1550 719 1632 Ῥωμαίων
747 1543 968 1635 παρενεβλὴθη
989 1540 1275 1629 συστρατευόμενος
1300 1542 1360 1608 καί

269 1649 457 1737 ουγκάμνων
485 1652 531 1737 τῷ
550 1651 698 1738 ἀδελφῷ,
729 1644 791 1714 ὅσα
810 1673 846 1733 γε
865 1642 965 1723 αάτός
985 1644 1077 1731 ἴοημι
1098 1646 1210 1728 κείρων
1228 1640 1281 1707 ἀεὶ
1298 1642 1358 1705 καί

174 1759 260 1813 mou
268 1752 472 1835 κατατρέχων
490 1746 548 1833 τήν
569 1747 722 1830 πολεμίων
751 1750 806 1815 καί
825 1752 916 1821 νίκας
934 1743 990 1811 ἐπὶ
1006 1747 1108 1820 νίιιαις
1128 1739 1356 1827 ἀναιρούμενος

268 1849 323 1915 καί
348 1852 511 1931 τροπαίοις
538 1850 769 1930 ἕνιιστοιβάζων
798 1845 838 1911 ui
872 1842 1030 1931 τρόπαια,
1061 1837 1133 1909 οὔτε
1152 1841 1217 1928 μὴν
1235 1839 1404 1923 μιοθὸνιό

267 1944 419 2030 καμάτων
443 1945 502 2032 τήν
532 1948 708 2032 ἁλουργίδα
735 1948 793 2012 καί
810 1944 862 2011 τὸν
877 1948 1039 2028 βασιλειαν
1059 1942 1167 2029 εἴληχε
1187 1944 1358 2028 στέφανον,

268 2052 336 2115 ἀλλ’
356 2048 400 2125 ὥς
420 2050 454 2114 ἐκ
482 2052 546 2113 τῶν
566 2046 667 2132 ἔργων
695 2044 855 2128 ἀπέδειξε,
875 2047 975 2129 τύχης
995 2041 1178 2128 ἀγνώμονος
1197 2043 1358 2121 πέττευμα

267 2148 306 2215 τά
329 2150 473 2233 σκῆπτρα
495 2151 717 2233 παρειληπται.
761 2139 858 2225 οὗτος
872 2150 995 2227 τοίνυν,
1017 2140 1053 2222 ὃς
1074 2142 1113 2207 οά
1133 2140 1284 2207 τεθέαταί
1301 2162 1359 2221 μοι

268 2245 445 2331 μαχόμενος
465 2249 539 2312 οάδὲ
561 2250 652 2335 φωνῇ
671 2249 727 2311 καί
744 2244 833 2333 χειρί
850 2249 907 2311 καί
925 2247 1028 2331 βουλῇ
1045 2242 1085 2308 ui
1105 2245 1231 2309 Μυσῶν
1251 2263 1358 2323 παρα·

269 2345 418 2429 λυπήσας.
431 2349 548 2429 ἐνίοτε,
566 2340 649 2421 ὅπως
669 2346 819 2432 ἐξαίφνης
847 2348 895 2421 είς
914 2339 999 2409 ἅπαν
1020 2344 1201 2409 τοάναντίον
1220 2360 1403 2423 petent-ue

269 2450 413 2528 ποίησαι,
435 2446 496 2529 ἐγώ
516 2450 576 2525 μὲν
594 2446 651 2510 οὐκ
672 2442 736 2527 ἔχω
759 2443 816 2509 καί
835 2445 986 2509 συνιδεῖν.
1010 2446 1064 2508 ἵνα
1088 2446 1123 2507 δὲ
1143 2439 1201 2507 κατ’
1221 2444 1264 2505 δι’
1279 2439 1358 2504 ἀπο-

271 2547 451 2627 δείγματος,
472 2548 544 2609 καθ’
565 2540 638 2609 ὅσον
659 2541 771 2626 ἔξεστι,
792 2540 833 2609 τοὶ
854 2542 934 2608 κατά
957 2541 1013 2609 τὸν
1036 2538 1139 2626 ἀνδρα
1159 2540 1286 2606 τουτονί
1303 2538 1359 2603 καί

270 2642 306 2709 τὸ
328 2642 435 2710 λοιπὸν
456 2637 545 2732 αάτρῖ
563 2646 651 2727 γένος
672 2640 928 2730 διασαφήσαιμι,
955 2643 1048 2729 ὁρᾶτε
1070 2640 1110 2709 τὰ
1129 2645 1184 2707 ἐπί
1201 2643 1259 2705 τοῦ
1277 2640 1357 2721 ἐμοῦ

340 2834 365 2885 5.
383 2830 474 2897 rixosi?
548 2849 588 2901 ¹7·
607 2830 787 2905 ἀγνώμονος]
806 2830 931 2886 α’στάτου
950 2832 980 2886 Β.
1069 2826 1220 2902 sttuite]
1242 2831 1355 2898 βλέπετε

338 2894 372 2955 ri
391 2902 423 2955 ἐν
433 2904 474 2957 ru
490 2906 630 2969 νονῐαρίιο
648 2920 707 2973 μου
729 2902 913 2975 κρεμάμενον
929 2900 1117 2975 αιλάμουλον,
1130 2901 1190 2961 πῶς
1205 2902 1355 2972 πολυχρό-

339 2974 433 3044 ματόν
451 2974 543 3027 ἐστιν·
580 2971 658 3044 ὅμως
685 2974 718 3026 ἐκ
746 2977 816 3044 μιᾶς
845 2970 911 3036 ὕλης
942 2976 992 3025 καλ
1014 2968 1080 3032 {rtis
1097 2972 1258 3025 διασειδίου
1275 2974 1353 3035 ἐστί,

340 3046 389 3095 καλ
406 3036 446 3101 εἷς
463 3037 537 3097 urie&
560 3046 688 3113 τεχνίτης
706 3044 861 3115 ἀφάντωσε
880 3044 909 3095 Β.

271 3197 300 3239 et
318 3204 398 3257 saepe
427 3187 600 3239 adversarum
628 3190 775 3258 strepitum
797 3195 965 3239 'conservare
987 3188 1075 3241 risum
1094 3203 1158 3239 vero
1175 3195 1279 3240 certum
1297 3204 1354 3239 esse

271 3274 359 3309 rerum
375 3258 525 3325 arbitrum
543 3268 571 3311 et
590 3258 675 3327 pluris
694 3276 768 3324 esse,
790 3268 822 3311 ut
838 3260 878 3309 ait
898 3259 1035 3321 Comicus,
1055 3276 1139 3309 unum
1157 3258 1296 3309 oculatum
1314 3267 1355 3310 te-

271 3338 339 3380 stem
356 3348 438 3399 quam
455 3330 558 3381 auritos
579 3330 688 3393 decem,
709 3330 758 3400 qui
778 3347 835 3381 non
853 3330 944 3381 alieno
961 3329 1119 3381 testimonio
1139 3328 1187 3381 sed
1205 3345 1255 3380 suo
1274 3346 1355 3400 expe-

272 3399 389 3451 rimento
410 3400 522 3452 nitatur.
544 3417 599 3452 non
618 3402 702 3469 igitur
719 3418 765 3452 eos
786 3401 889 3452 moveri
910 3408 1045 3469 oportere,
1065 3398 1141 3469 quod
1158 3399 1204 3451 hie
1221 3402 1355 3452 Romano·

271 3486 332 3521 rum
348 3470 495 3539 imperator
519 3472 561 3525 vir
578 3471 655 3523 tortis
675 3470 867 3539 perhibeatur:
885 3470 934 3523 red
952 3488 988 3522 an
1012 3470 1075 3523 talis
1094 3471 1143 3533 sit,
1164 3488 1197 3521 ex
1216 3478 1355 3523 anteacta

272 3540 332 3590 eius
349 3540 405 3591 vita
425 3543 609 3595 coniecturam
627 3542 795 3612 cupiendam.
813 3560 894 3611 quana
913 3542 937 3593 ei
954 3541 1106 3593 accuratius
1122 3542 1297 3605 intueantur,
1313 3542 1356 3593 ni-

273 3610 315 3660 hii
334 3626 452 3677 unquam
474 3611 508 3662 ub
528 3630 561 3664 eo
580 3630 638 3665 esse
659 3621 762 3683 gestum
780 3612 863 3665 laude
887 3612 1005 3681 dignum.
1023 3628 1114 3683 neque
1139 3614 1212 3663 euim
1229 3612 1310 3665 bellis
1330 3618 1357 3665 et

276 3680 388 3749 praeliis
415 3698 464 3748 pro
485 3684 604 3735 Romana
630 3700 658 3736 re
686 3684 799 3753 publica
825 3684 908 3753 gestis
926 3684 1208 3751 interfuisse,neque
1225 3701 1279 3735 una
1296 3700 1356 3735 curn

277 3750 361 3801 fratre
377 3750 486 3803 labores
505 3760 533 3804 et
552 3754 673 3823 pericula
693 3754 811 3817 adiisse,
830 3753 906 3825 quod
925 3756 984 3823 ipse
1001 3753 1113 3825 quidem
1130 3754 1228 3818 sciret,
1248 3754 1296 3823 qui
1308 3754 1357 3804 ho-

277 3820 368 3873 stilem
394 3838 486 3889 agnun
513 3834 647 3893 perpetuo
672 3825 810 3877 infestarit
832 3835 861 3878 et
885 3826 1013 3877 victorias
1033 3824 1177 3886 victoriis,
1206 3824 1357 3895 triumphus

277 3888 422 3960 triumphis
441 3893 593 3948 cumularit.
612 3912 702 3967 neque
718 3896 761 3947 illi
779 3913 927 3966 purpuram
948 3903 976 3948 et
996 3894 1123 3947 diadema
1138 3894 1264 3947 laborum
1279 3912 1356 3966 prae·

276 3961 361 4013 mium
383 3976 441 4013 esse
463 3961 536 4028 date,
555 3964 604 4015 sed
622 3967 747 4019 fortunae
765 3965 888 4018 ludibrio
907 3966 1061 4036 contigisse.
1078 3967 1120 4028 „is
1139 3982 1202 4034 ergo
1219 3966 1269 4037 qui
1288 3984 1356 4017 nuu-

277 4048 359 4101 quam
383 4032 519 4103 inpugna
544 4036 616 4087 visus
637 4038 690 4100 sit,
719 4038 768 4108 qui
794 4056 850 4091 uon
867 4055 948 4101 voce,
974 4054 1030 4089 non
1050 4054 1147 4099 manu,
1165 4053 1223 4089 non
1244 4036 1356 4089 consilio

277 4118 320 4153 res
339 4102 476 4171 Mysorum
495 4121 613 4174 unquam
639 4108 816 4173 tabefecerit,
834 4126 889 4178 qua
905 4108 1011 4160 ratione
1028 4106 1119 4159 subito
1136 4114 1255 4159 mutatus
1274 4104 1356 4156 sitin

277 4176 456 4242 contrarium,
483 4176 566 4249 piane
587 4195 643 4233 uon
673 4179 807 4250 intelligo.
835 4188 867 4235 ut
891 4180 998 4234 autem''
1024 4178 1117 4250 inquit
1141 4178 1248 4247 „virum
1263 4175 1356 4238 illum»
