3017 4892
275 269 331 352 60
601 277 778 357 'urceus
806 291 1042 356 caomsmn

273 449 405 534 θέμενος
424 445 482 508 τοῦ
511 443 664 526 προτέρου
694 440 807 517 παιδὸς
829 441 884 505 τάν
905 435 1107 521 ἀστερότοκον
1128 436 1355 522 προτετίμήκα,

274 543 452 626 ἀναγκαίως
482 539 520 604 τά
550 539 654 605 εἰκότα
688 527 874 624 ρήθήσεται.
916 537 954 603 ori
973 541 1032 619 μία
1052 543 1101 612 τίς
1120 539 1190 601 ἐστι
1209 540 1253 622 τῷ
1273 540 1356 619 γένει

245 643 335 709 Bacis
356 641 535 719 ἐπιθυμιῶν
562 635 651 720 δδός,
683 633 750 702 ἀλλ’
780 641 826 713 εἷς
848 635 1012 722 ἀτραποάς
1029 634 1216 715 παμπόλλας
1236 637 1356 718 διέσχι·

275 763 369 820 σται,
394 735 498 820 ὥσπερ
521 740 575 801 κατ’
598 735 638 800 τὰ
668 739 730 802 τοῖν
750 735 906 816 σωμάτων
928 732 1152 819 μορφώματα,
1174 737 1206 798 εἰ
1225 733 1283 796 καί
1298 732 1356 815 τήν

274 833 376 921 αάτήν
396 830 558 920 ἅνθρωποι
579 835 678 919 φύσιν
699 831 955 918 ἐκληρωσάμεθα.
998 827 1109 907 ἀλλαις
1128 831 1189 916 μάρ
1213 833 1384 913 σ’ρίξεσινέι

274 930 365 1000 ἀλλοι
397 929 664 1020 προσπάσχομεν,
699 935 775 998 ου’δὲ
800 932 954 1016 χαίρομεν
977 928 1113 1007 ἅπαντες
1148 927 1357 1011 δμοθυμαδόν

272 1041 341 1109 ταῖς
372 1035 496 1108 citata.
545 1035 575 1097 sl
600 1029 778 1116 γάρτοῦτο
811 1025 864 1115 ἦν,
893 1029 1020 1114 εἴχομεν
1041 1024 1079 1094 ἀν
1099 1027 1251 1112 καὶπρὸς
1279 1029 1357 1092 θεοῦ

274 1135 330 1196 καί
358 1129 438 1215 πρὸς
458 1131 600 1215 ἀλλήλων
628 1128 662 1194 το“
695 1129 916 1214 ἀνεπένκλήτον
944 1130 989 1205 αἱς
1008 1139 1077 1203 ταῖς
1098 1129 1210 1201 αὗταῖς
1229 1123 1358 1210 ἡδοναῖς

274 1253 309 1294 τε
330 1229 386 1293 καί
403 1226 541 1311 γνώμαις
562 1229 763 1312 ἀναγκαστῶς
784 1230 1006 1312 ἐπιχαίνοντες.
1028 1229 1083 1290 κατ’
1103 1229 1165 1290 ταῖν
1185 1223 1281 1290 υἱέων
1300 1248 1358 1305 μοι

273 1331 351 1411 γοῦν
373 1329 392 1410 ἡ
415 1329 512 1406 δυάς,
533 1329 563 1391 εἰ
581 1331 637 1392 καί
655 1329 689 1391 ἐκ
710 1325 831 1413 πατρὸς
853 1323 922 1402 ἱνός
942 1323 1177 1411 προελήλυθεν,
1210 1326 1255 1398 εἷς
1279 1320 1357 1405 γνά-
1371 1345 1405 1385 ro

275 1449 340 1507 μας
360 1426 584 1508 α’πομερίζεται
606 1422 791 1510 διαφόρους.
831 1425 925 1489 καλοί
942 1428 1001 1505 μὲν
1020 1423 1081 1507 γάρ
1103 1426 1157 1486 καί
1169 1421 1355 1506 ἀμφότεροι,

276 1522 332 1588 καί
351 1519 442 1610 ῥώμῃ
478 1527 622 1604 σώματος
645 1523 700 1589 καί
726 1521 831 1599 εἴδους
851 1521 1018 1607 σεμνότητι
1037 1526 1092 1586 καί
1111 1523 1236 1607 φρενῶν
1253 1515 1358 1600 βαθύ-

276 1646 344 1705 τητι
365 1624 593 1706 διαπρέποντες·
634 1621 770 1686 καλλίων
791 1624 827 1686 δυ’
845 1644 902 1703 μοι
924 1620 967 1696 ὥς
988 1617 1124 1704 μάλιστα
1146 1622 1358 1682 διαδεάινυται

245 1723 352 1805 caepi
372 1718 428 1803 τήν
447 1725 502 1804 τής
534 1719 636 1804 ἀρχῆς
656 1723 841 1804 κυβίρνησιν
861 1715 879 1782 ὅ
899 1717 1105 1803 ἀοτερομενής
1126 1717 1305 1798 Μανουήλ.·
1340 1715 1360 1779 δ

275 1821 335 1898 μὲν
353 1817 412 1903 γάρ
431 1817 585 1893 ’ίσαάκιος
605 1814 778 1903 α’κρδχολος
797 1815 947 1894 πολλάκις
966 1820 1104 1902 παρέστη
1125 1840 1202 1897 μοι,
1223 1813 1278 1878 καί
1297 1817 1358 1899 ἀφ’
1371 1819 1408 1880 15

278 1908 316 1998 ἧς
340 1913 432 1998 ἔτυχε
461 1914 648 2002 προφάσεως
681 1913 932 1999 παροξυνόμενος
966 1918 1000 1980 ἐν
1019 1916 1062 2003 τῷ
1088 1921 1189 1979 νοσεῖν
1209 1915 1359 1995 ἀμετρίαν

276 2017 404 2095 θυμοῦ,
426 2010 461 2088 ὃς
482 2011 635 2079 ἀπόλλυσι
657 2015 713 2077 κατ’
740 2011 861 2098 coporis
880 2015 936 2078 καί
955 2015 997 2077 δι’
1015 2011 1052 2078 ὃν
1071 2014 1139 2095 μετ’
1157 2013 1310 2093 ἀβουλίας
1329 2007 1359 2073 οἳ

279 2116 419 2177 πλεῖστοι
446 2110 658 2197 πράσσουσιν·
713 2109 731 2175 δ
757 2113 792 2175 δὲ
812 2111 871 2176 σύν
898 2115 943 2200 τῷ
962 2115 1060 2198 λοιπῷ
1082 2112 1146 2175 τῶν
1165 2105 1286 2194 ἀρεταῖν
1304 2107 1359 2190 δρ-

275 2203 390 2295 paup,
412 2199 456 2272 ὧν
487 2209 555 2273 οὐδ’
578 2207 729 2283 Ἰσαάκιος
750 2209 961 2289 ἀπεξίνωται,
987 2211 1140 2274 οὐδὲτοῦ
1160 2207 1260 2270 καλοῦ
1278 2207 1361 2290 χρή-

279 2327 378 2387 ματος
400 2304 575 2395 ἀπιήκισται
606 2309 664 2388 τῆς
684 2306 877 2392 πραότητος,
897 2309 1045 2392 ου’μαρῶς
1065 2302 1207 2378 ἐνδιδοάς
1226 2303 1305 2386 πρὸς
1324 2299 1412 2372 τοτα

277 2404 433 2488 χρήσιμον
464 2404 518 2468 καί
555 2401 716 2488 πειθήνιος
746 2406 826 2494 λόγῳ
855 2401 1060 2485 δεικνύμενος.
1115 2400 1225 2486 ἐπειδή
1257 2403 1362 2466 τοίνυν

280 2497 394 2590 ἀκακία
413 2505 532 2584 μᾶλλον
553 2505 694 2588 καρδίας,
715 2495 733 2591 ᾗ
755 2505 811 2567 καί
829 2507 936 2586 Δαβίδ
960 2501 978 2567 o‘
996 2500 1144 2585 βασιλεὺς
1164 2501 1219 2565 καί
1237 2500 1363 2586 προφή-

279 2623 335 2682 της
366 2603 510 2666 ἐκέκαστο
517 2650 527 2678 ,
564 2593 585 2684 ή
603 2603 693 2684 χειρί
725 2604 907 2688 ψήλαφώσῃ
927 2598 963 2664 τὸ
984 2605 1074 2687 ξίφος
1094 2603 1148 2664 καί
1174 2599 1280 2685 γνωμῃ
1311 2604 1362 2660 λε·

280 2697 475 2786 πτοορμοάσῃ
491 2696 529 2763 rai
546 2701 608 2762 τάν
628 2692 812 2786 ἀρχομένων
833 2698 1085 2784 πλημμελήματα
1106 2703 1261 2786 φιλοῦμεν
1279 2692 1363 2761 aiaci-

352 2879 376 2928 5.
395 2872 657 2946 ἀπεκλήρωσάμιθα
673 2879 702 2927 Α.
803 2897 828 2947 p
852 2877 1050 2947 ίαιχαίροντες
1066 2879 1096 2928 Α.

284 3043 356 3097 sileio
375 3043 504 3096 minorem
528 3047 625 3096 maiori
652 3055 830 3118 anteponam,
859 3046 966 3116 aliquid
990 3047 1024 3098 ds
1044 3047 1095 3097 hac
1114 3061 1142 3097 re
1162 3045 1216 3096 ‹liol
1234 3059 1283 3114 par
1299 3051 1361 3106 est,

284 3125 366 3186 atque
387 3114 455 3166 adeo
483 3117 671 3168 necessarium.
695 3118 875 3188 cupiditatum
894 3133 949 3168 non
965 3119 1049 3186 nangis
1067 3134 1150 3168 uuum
1168 3132 1251 3182 gensis
1269 3129 1300 3164 ac
1318 3130 1361 3164 ra-

282 3187 323 3238 tio
342 3195 383 3237 est
402 3203 482 3254 quam
502 3186 655 3250 formarum,
673 3204 762 3256 quae,
779 3205 840 3239 curu
858 3205 891 3239 cx
909 3204 996 3256 aequo
1014 3189 1137 3238 homines
1156 3187 1238 3236 simus
1257 3199 1360 3244 ornnes,

283 3257 425 3307 maximum
444 3257 601 3308 varietatem
620 3255 729 3310 habeat.
754 3258 803 3309 alii
822 3259 884 3309 aliis
901 3257 981 3309 rebus
1000 3259 1143 3320 allicimur,
1160 3271 1249 3324 neque
1267 3269 1360 3304 omnes

284 3341 317 3377 ex
335 3343 421 3394 aequo
438 3326 536 3378 iisdem
548 3327 721 3380 delectamur.
739 3329 844 3398 alioqui
862 3345 914 3379 nec
932 3327 1012 3378 adeo
1030 3345 1088 3391 uos,
1107 3343 1157 3376 nec
1178 3326 1226 3376 alii
1245 3323 1279 3374 ab
1298 3324 1360 3373 aliis

284 3411 482 3458 accusarentur,
510 3398 612 3467 quippe
638 3399 685 3467 qui
715 3398 812 3450 iisdem
832 3398 1018 3469 voluptatibus
1036 3396 1185 3449 necessario
1205 3409 1362 3464 caperemur

285 3464 434 3536 eademque
464 3467 576 3517 consilia
601 3469 739 3519 iniremus.
767 3470 806 3519 sic
832 3470 883 3519 filii
900 3484 1009 3538 quoque
1025 3470 1097 3530 mei,
1124 3466 1244 3536 quumvis
1264 3463 1360 3515 eodem

284 3542 362 3604 patre
380 3535 452 3596 nati,
480 3543 570 3588 tamen
593 3537 705 3590 diversis
728 3538 847 3608 praediti
872 3548 936 3590 suat
954 3539 1078 3606 ingeniis.
1095 3539 1142 3607 qui
1161 3537 1213 3588 etsi
1231 3535 1311 3586 ambo
1332 3541 1361 3584 et

284 3603 388 3657 viribus
415 3620 556 3672 corporum
575 3615 603 3658 et
624 3607 756 3676 dignitate
784 3609 907 3660 vultuum
927 3615 955 3660 et
972 3609 1122 3660 animorum
1136 3608 1264 3675 gravitate
1283 3620 1361 3674 prae-

283 3675 395 3735 cellunt,
415 3683 505 3725 tamen
523 3682 589 3726 natu
605 3678 812 3730 minorManuel
830 3678 866 3732 ad
881 3680 991 3748 imperii
1009 3679 1270 3730 administrationem
1290 3673 1362 3744 apti·

282 3762 315 3796 or
343 3743 410 3794 mihi
433 3743 549 3794 videtur.
581 3762 643 3797 nam
666 3749 783 3800 isaacius
801 3750 909 3818 saepius
926 3750 966 3800 ira
985 3750 1104 3820 percitus
1121 3747 1189 3798 mihi
1206 3747 1310 3807 astitit,
1332 3749 1363 3798 et

283 3815 377 3884 quavis
397 3813 431 3864 ds
450 3831 530 3864 cause
548 3813 604 3864 bile
622 3820 812 3870 effervescente
832 3820 968 3871 moderari
990 3820 1079 3870 animo
1096 3834 1152 3868 non
1168 3826 1272 3890 potest3
1291 3829 1362 3884 quae

283 3901 326 3936 res
344 3885 528 3936 inimicissima
545 3884 658 3935 consilio
678 3888 814 3956 sapientes
835 3891 932 3958 perdit
954 3890 1025 3941 alter
1039 3905 1102 3938 vero
1121 3897 1229 3956 praeter
1247 3886 1362 3936 aliarum

283 3955 414 4006 virtutum
428 3953 538 4006 chorum
556 3971 571 4004 a
593 3955 692 4024 quibus
712 3975 763 4010 nec
779 3960 896 4010 lsaacius
914 3961 1020 4011 alienus
1038 3966 1091 4020 est,
1108 3975 1159 4009 nec
1182 3975 1198 4008 a
1217 3953 1362 4006 clementia

284 4023 405 4094 quidem,
418 4041 446 4075 re
457 4042 530 4094 praes
538 4025 679 4089 latissima,
690 4027 828 4090 abhorret,
842 4030 889 4080 sed
901 4031 929 4080 in
950 4031 1009 4079 loco
1020 4027 1116 4079 cedere
1137 4037 1166 4080 ct
1176 4023 1363 4078 obsecundare

285 4096 363 4147 novit
374 4103 402 4146 et
412 4096 523 4146 rationis
535 4096 675 4162 imperium
686 4099 818 4168 sequitur.
832 4101 961 4167 quoniam
973 4100 1055 4165 igitur
1067 4100 1149 4149 anirni
1169 4094 1288 4154 candori,
1306 4109 1361 4161 quo

287 4172 315 4219 st
333 4163 420 4220 David
440 4181 486 4217 rex
506 4165 634 4237 idemque
651 4167 783 4238 propheta
803 4179 913 4220 ornatus
931 4171 999 4231 fuit,
1017 4185 1099 4238 quam
1121 4168 1252 4220 ensiferas
1269 4165 1362 4216 manui
