3017 4892
307 394 495 463 ssttuus
520 390 712 463 luemus
743 397 797 462 nt
826 394 996 496 simius
1024 399 1059 467 ε.
1140 372 1220 487 74¹

127 548 209 635 πρός
236 548 358 635 βρύσιν
380 546 522 629 δτεχνυύς
550 548 765 634 προβέβληντο
795 553 863 623 τοῖς
885 548 977 631 κυσί,
996 552 1053 615 κατ’
1068 550 1159 633 μῖξις
1187 540 1228 635 ἦν

127 653 193 715 stis
213 649 355 731 α’μίκτισν
375 642 512 723 α’νόσιος.

212 750 244 831 4.
282 744 380 813 ’sitici
393 746 577 813 καὶτούτων
596 738 681 813 ούτω
701 729 874 829 γινόμίνων
892 744 950 811 κατ’
966 744 1134 832 προδήλοις
1153 744 1228 813 οἷκο-

127 850 296 931 μουμένιον
324 845 417 911 otidis
437 846 632 927 ἐπεραίνετο.
687 841 860 929 ἠβούλοντο
877 844 940 930 γὰρ
962 842 992 911 oi
1015 848 1080 911 τεόν
1100 844 1258 931 muci-B

98 952 192 1017 ὅταν
208 940 449 1028 εῖσπρύκτορες,
477 943 535 1027 τῆς
560 942 808 1025 τῶνῬοιμαίων
826 947 978 1029 ευήθτίας
997 946 1228 1029 κατατρυφῶν-

4 1042 5 1045 '
127 1066 182 1121 τες
203 1043 260 1108 καί
277 1044 334 1127 τῆς
353 1044 417 1107 τεόν
433 1038 631 1121 κρατούντων
653 1041 857 1127 ἠλιθιότητος
875 1047 1133 1124 καταπαίζοντες,
1152 1041 1228 1120 τούς
1309 1084 1313 1093 -

126 1142 188 1226 μὲν
205 1141 263 1217 τὰς
288 1142 396 1223 τιμίοις
427 1134 507 1217 dioc
539 1141 817 1229 ἀποφορτίζεσθαι
848 1146 923 1228 παρ’
944 1146 1074 1225 αύτοῖς,
1096 1140 1171 1217 τούς
1191 1144 1229 1207 δὲ

127 1239 326 1327 παρεστάναι
350 1240 634 1327 ἀχθοφοροῦντας,
656 1231 774 1316 ἄλλους
794 1244 964 1329 προσιέναι
981 1240 1227 1329 χρυσαγαγούς,

129 1342 235 1418 ἕνιόυς
252 1344 281 1405 δ’
302 1340 651 1427 ίνσκευύζεσθαιπρὸς
671 1341 730 1426 τήν
747 1334 876 1429 ἄφιξιν,
896 1344 953 1408 κατ’
964 1347 1061 1408 τούτο
1085 1346 1230 1429 δρᾶσθαι

3 1488 6 1499 ·
78 1441 185 1507 εοδιό
202 1437 324 1517 παντός.
375 1436 450 1506 ὅθεν
464 1449 530 1517 τοῖς
560 1447 635 1525 περί
654 1440 710 1527 τήν
732 1440 947 1526 μεγαλόπολιν
964 1448 1140 1529 τρυφηλοῖς
1160 1466 1229 1524 χοι-

129 1539 211 1627 ρίοις
231 1539 287 1605 καί
310 1547 375 1617 τοῖς
398 1536 497 1628 ἱεροῖς
511 1543 546 1605 ἐν
567 1542 930 1625 Προποντίδι’τεμε’νεσι
949 1548 1016 1621 τοῖς
1029 1565 1064 1607 τε
1084 1546 1229 1627 λαμπροο

127 1638 232 1716 τύτοις
262 1641 436 1717 οἰκοπέδοις
462 1642 526 1705 τῶν
542 1644 700 1721 βασιλέων
727 1634 895 1728 παραλλοὶξ
916 1643 946 1707 oi
965 1640 1138 1727 στρατηγοὶ
1156 1643 1230 1725 ἐφι-

127 1735 302 1823 σειόμεναι,
333 1741 390 1807 κατ’
409 1739 498 1824 παρὰ
529 1739 667 1827 θάτερον
688 1735 799 1827 ἅτερος
820 1740 1038 1825 ὅπλιζόμενοι,
1056 1736 1230 1806 ἐσκύλευον

128 1862 162 1905 τι
182 1838 223 1904 τύ
246 1836 357 1905 ἐνόντα
376 1838 432 1904 κατ’
459 1834 543 1902 aristi
564 1842 645 1921 πυρί
663 1843 897 1926 παρεδιδοσαν,
918 1840 1107 1927 φειδόμενοι
1127 1841 1227 1923 μηδε-
1235 1849 1268 1904 V.
1278 1866 1328 1925 ²97

3 2002 5 2005 .
82 1934 186 2013 15νός
205 1942 366 2023 παραλίου
388 1934 642 2021 οἰκοδομήματος
658 1936 688 2001 oi
710 1942 769 2003 τού
787 1944 889 2006 καλού
910 1936 1080 2024 ἀνέραστοι
1100 1960 1227 2023 κηρεσα

131 2034 268 2123 φύρητοι
297 2034 466 2121 βάρβαροι.
516 2043 648 2101 πλεῖστα
679 2038 715 2101 δὲ
742 2030 803 2101 κόν
830 2049 903 2114 ταῖς
936 2034 1012 2127 ᾐόσι
1030 2038 1089 2122 τῆς
1106 2034 1261 2113 πόλεωςσ

130 2136 327 2209 ἐπιπλέοντες
346 2135 500 2203 συνίστων
515 2132 661 2219 πόλεμον.
682 2132 740 2201 καί
764 2128 805 2222 ἦν
827 2130 848 2220 ἦ
869 2139 938 2222 νίκη
957 2134 1137 2219 ύμοιβαδόν
1158 2138 1230 2201 ε’πι-

130 2231 290 2317 μειδιῶσό
311 2258 385 2301 ποτε
417 2238 473 2301 καί
489 2236 662 2317 Ῥωμαίοις
687 2234 744 2301 καί
761 2233 808 2320 μὴ
837 2240 964 2300 τιθεῖσα
984 2234 1084 2323 πύκτῃ
1103 2232 1141 2301 τοὶ
1164 2238 1229 2301 τοῖν

130 2334 278 2401 ἐναντίων
300 2334 515 2419 α’πρόομαχα,
542 2334 638 2402 ὁπότε
655 2334 711 2401 καί
730 2334 768 2401 τό
789 2337 932 2420 δημούδες
949 2338 1005 2420 τῆς
1024 2333 1146 2411 πόλεως
1168 2337 1229 2399 α’κ·

3 2458 6 2493 ι
81 2430 313 2519 υσδριζόμενοι
334 2436 485 2501 ἐνέκειντο
497 2433 552 2501 τόν
565 2438 702 2517 βασιλέα
724 2433 909 2518 αἰτούμενοι
928 2430 1139 2520 συνάρασθαί
1152 2459 1231 2520 σφι-

130 2558 164 2601 σι
182 2532 263 2617 μετό
284 2537 521 2619 στρατεύματος
543 2532 624 2599 κατὰ
644 2536 700 2619 τῆς
720 2539 784 2600 τοῖν
796 2535 955 2616 πολεμίων
975 2531 1230 2617 ἅντιμαχήσετος,

130 2642 251 2711 πιστοῖς
272 2625 345 2699 ούσι
374 2632 431 2700 καί
450 2634 666 2719 πατριώταις,
697 2632 785 2719 εἴπερ
804 2633 849 2719 με)
869 2638 992 2717 χειλεσι
1012 2636 1073 2715 μὲν
1089 2631 1229 2713 Ῥωμαί-

131 2756 180 2811 οις
199 2738 427 2821 προστίθεται,
448 2738 488 2825 τῇ
509 2738 546 2805 di
564 2733 682 2827 καρδίρ
700 2734 853 2814 Λατίνοις
873 2736 1106 2821 προσνένευκεν.
1146 2723 1228 2817 ἦσαν

130 3013 279 3068 multorum
297 3014 433 3069 talentum
452 3021 480 3067 et
498 3014 620 3083 argentei
645 3012 739 3082 lychni
765 3028 821 3064 nne
841 3010 949 3080 abrepti
973 3006 1177 3079 conflabantur,
1198 3013 1228 3061 et

130 3087 214 3157 plane
227 3086 340 3137 canibus
358 3086 563 3137 obiiciebuntur
578 3084 659 3136 rebus
675 3102 732 3135 non
746 3083 893 3135 miscendis
912 3081 1019 3132 nefarie
1033 3078 1190 3131 commistis.

201 3160 225 3225 d.
262 3154 360 3226 Neque
377 3164 469 3207 tamen
487 3155 639 3207 manifestis
658 3154 767 3205 iniuriis
783 3154 842 3205 istis
857 3153 1004 3221 quicquam
1022 3149 1227 3220 proiciebatur.

130 3245 194 3281 nam
211 3226 344 3295 pecuniae
364 3235 502 3279 exactores
522 3228 703 3277 Romanorum
725 3224 897 3294 simplicitati
914 3224 1080 3275 insultantes
1093 3229 1123 3271 ct
1140 3221 1228 3289 impe-

131 3308 253 3351 ratorum
273 3295 417 3349 vecordius
439 3295 589 3349 illudentes
607 3294 786 3366 postulabant
806 3305 840 3347 nt
857 3294 905 3346 alii
920 3295 1059 3345 materiam
1077 3291 1227 3361 pretiosam

131 3369 206 3439 apud
224 3384 253 3419 se
272 3365 455 3437 deponerent,
475 3366 525 3417 alii
546 3382 629 3418 onera
650 3367 818 3419 sustinentes
836 3373 972 3427 astarent,
991 3365 1039 3415 alii
1059 3362 1119 3414 auri
1137 3362 1227 3415 baiuli

133 3438 313 3500 accederent,
337 3438 383 3489 alii
410 3454 438 3490 se
465 3436 500 3489 ad
525 3454 661 3489 accessum
688 3446 831 3507 pararent,
848 3436 933 3506 idque
951 3436 1122 3487 continenter
1138 3433 1225 3486 fieret.

132 3508 206 3561 unde
223 3507 341 3559 hostiurn
363 3508 445 3560 duces
474 3506 627 3561 suburbana
653 3507 764 3577 praedia
782 3506 969 3561 amoenissima
994 3515 1024 3558 et
1038 3522 1125 3557 sacras
1142 3504 1226 3557 aedes

132 3577 302 3650 Propontidis
325 3586 354 3630 et
372 3576 588 3648 splendidissima
607 3580 799 3650 imperatorum
815 3578 934 3649 palatia,
951 3576 999 3629 elii
1018 3576 1052 3628 ab
1069 3576 1130 3629 aliis
1146 3576 1226 3628 insti-

133 3652 203 3721 gati,
221 3650 334 3719 direptis
358 3667 407 3721 per
432 3652 505 3705 vices
522 3652 555 3703 iis
571 3668 641 3721 quae
662 3652 783 3715 inerant,
809 3648 980 3712 cremabant,
1004 3648 1077 3701 nulli
1091 3648 1226 3700 maritimo

133 3722 258 3781 ccciiiicio
283 3730 442 3791 parcentes,
465 3720 589 3775 homines
613 3720 719 3774 barbari
744 3720 779 3773 ab
798 3722 871 3774 omni
891 3721 1026 3790 elegantia
1052 3720 1134 3770 alieni
1152 3728 1181 3769 et
1196 3720 1227 3770 in

135 3794 283 3865 perniciem
301 3792 441 3847 honustum
455 3794 520 3847 nati.
539 3794 618 3846 multi
636 3794 717 3845 etiam
735 3791 839 3844 urbano
857 3794 949 3844 littora
968 3793 1089 3859 legentes
1110 3808 1228 3860 pugnam

133 3864 257 3928 ciebant,
276 3865 388 3919 victorin
406 3882 462 3919 uon
480 3864 543 3936 ipsis
566 3874 699 3935 perpetuo
717 3862 842 3927 addicta,
870 3864 920 3918 sed
941 3864 1053 3915 alternis
1072 3863 1154 3914 etiam
1174 3864 1230 3912 ilo·

133 3937 219 3991 munis
239 3936 388 4006 aliquando
406 3938 524 3989 favente.
544 3944 573 3989 et
590 3936 707 3989 urbanus
724 3936 857 4005 populus,
877 3935 976 3987 fiducia
993 3944 1108 4003 sumpm,
1125 3932 1160 3983 ab
1177 3933 1229 3985 im-

133 4016 260 4077 peratore
291 4008 440 4077 postulavit
464 4016 496 4061 ut
521 4007 590 4071 sibi,
619 4008 667 4077 qui
688 4006 786 4059 fideles
802 4007 856 4075 ipsi
875 4017 903 4058 et
918 4007 1063 4077 populares
1082 4005 1168 4074 ipsius
1185 4018 1229 4052 es-

134 4088 210 4142 sent,
231 4096 291 4133 cum
316 4079 435 4131 exercitu
463 4078 498 4129 nd
526 4078 704 4135 resistendum
733 4077 856 4131 hostibus
874 4095 953 4147 opem
972 4078 1071 4139 ferret,
1088 4076 1140 4127 nisi
1157 4075 1229 4123 ione

135 4150 217 4203 labiis
230 4148 361 4203 duntaxat
378 4152 503 4201 Romanis
521 4150 636 4215 faveret,
665 4150 755 4203 animo
772 4166 836 4201 vero
854 4151 888 4201 ad
906 4144 1228 4216 Latinospropenderet.

134 4238 226 4277 rerum
261 4222 326 4275 illac
352 4221 548 4292 postulationes
580 4228 657 4273 erant
684 4222 784 4275 irritae.
808 4238 869 4274 nam
896 4230 925 4273 et
947 4221 1057 4273 Aietius
1084 4216 1119 4267 ab
1146 4214 1229 4267 armis

135 4302 228 4348 contra
245 4294 356 4349 Latinos
374 4291 511 4351 sumendis
528 4292 706 4361 abhorrebat,
731 4291 816 4367 idque
847 4294 948 4349 inutile
973 4306 1032 4347 esse
1049 4287 1181 4363 putabam
1197 4294 1230 4339 et
