3017 4892
323 302 408 418 878
604 329 762 394 worm
792 321 1112 394 auuuranours

319 482 702 566 droyplmurocl'ortassis
720 483 813 545 bomo
834 481 945 544 occulti
967 484 1059 543 animi
1088 491 1143 542 aut
1162 479 1364 547 occtrltator
1390 505 1440 548 re·

318 589 389 630 rum
412 588 554 646 suarum,
576 579 685 630 cautus
704 567 894 648 admodum,
923 564 978 650 qui
1009 563 1099 627 facile
1126 565 1336 648 deprehmdi
1374 591 1437 630 noa

359 663 428 712 lesl-

318 673 359 735 1²⁰
404 735 444 796 Ρ.
465 755 518 816 77,
539 731 569 794 5.
610 734 680 815 quis
710 734 801 815 piscis
819 735 860 795 sit
880 727 980 810 σύαξ,
1004 753 1067 792 non
1089 732 1226 814 reperio.
1250 733 1434 798 videtnra

320 815 520 879 similitudine
535 816 598 878 suis
622 820 666 878 ita
695 817 860 901 appellari,
887 817 951 878 sive
985 825 1091 900 gustus
1121 818 1187 879 sive
1216 817 1335 880 forma
1367 841 1436 902 spe·

320 913 434 962 otetur.

402 985 440 1044 P.
452 1004 505 1066 77,
519 979 565 1060 tl.
585 979 629 1065 τῷ
644 983 704 1059 μὲν
723 975 818 1068 λόγῳ]
835 993 908 1043 nota
928 990 974 1042 est
987 979 1039 1040 illa
1056 983 1225 1063 oppositio,
1250 979 1347 1069 λόγῳ
1374 983 1434 1062 μὲν

320 1061 403 1152 ἔργῳ
418 1066 472 1144 dl,
493 1067 583 1125 verbo
604 1077 635 1125 et
652 1069 780 1151 reipsa.
800 1067 851 1128 sed
874 1066 925 1126 hic
942 1066 982 1124 de
1002 1063 1126 1146 iugenio
1141 1077 1173 1127 ct
1191 1067 1361 1148 dignitate
1384 1069 1433 1149 agi

321 1155 478 1212 existimo:
504 1168 576 1208 nam
595 1147 675 1210 alter
694 1149 793 1212 codex
813 1149 905 1210 babet
931 1157 1054 1209 natum
1073 1144 1155 1226 perd
1185 1149 1309 1212 sorim
1342 1148 1433 1231 litor

320 1229 362 1294 sci
383 1229 474 1294 dedra
496 1254 528 1293 α.

403 1315 442 1378 P.
463 1253 515 1398 qil,
541 1313 591 1391 nl.
631 1313 765 1392 βλαμαῦ
786 1303 885 1392 ἄρτον
905 1313 1033 1394 τίθησιν
1056 1311 1164 1398 ἐνδεῖ]
1194 1307 1430 1394 ὖτιερβολιιός

319 1400 398 1463 baec
425 1399 517 1460 scribi
548 1398 687 1458 existimo
717 1395 768 1458 ad¹
791 1400 940 1480 insignem
970 1397 1116 1458 fortunae
1147 1401 1367 1462 mutationem
1398 1411 1429 1462 et

319 1503 469 1546 summam
489 1480 685 1563 imperatorie
705 1482 921 1542 alienationem
942 1479 1170 1543 declarandam.

403 1566 441 1627 P.
460 1565 511 1642 8ο,
533 1585 563 1624 a.
604 1561 662 1625 rol
677 1560 734 1626 τὸν
754 1559 952 1646 αἰαδασμὸι]
972 1563 1157 1648 subintelligi
1179 1575 1285 1646 potest
1316 1565 1369 1638 εἷς
1389 1561 1424 1625 τό

318 1647 496 1728 παλίρριιυι
516 1640 683 1722 laedantur
714 1669 782 1709 eam
811 1667 928 1731 qunque
960 1645 1196 1708 distr-ilmionem
1216 1671 1328 1746 paam
1363 1653 1426 1734 ipa

318 1732 486 1794 ordinarat
505 1731 684 1810 abrogavit,
707 1732 767 1794 nisi
790 1725 979 1806 ἀναδασμὸν
1005 1728 1078 1791 ἀντὶ
1104 1729 1231 1807 δασμου
1265 1737 1426 1814 posuerit.

319 1828 394 1878 tunc
417 1814 520 1877 deesse
537 1813 694 1875 videbitur
713 1813 845 1876 verbum
866 1812 1013 1886 ἐπέταξεν
1030 1824 1084 1876 aut
1104 1814 1190 1875 aliud
1209 1815 1342 1878 simile:
1365 1820 1423 1876 tri.

319 1900 389 1962 duta
428 1917 534 1961 rostra
553 1895 683 1959 libidine
701 1899 811 1978 exegit.

434 2002 518 2065 .79,
539 1979 593 2042 α5.
635 1977 814 2062 κληρωτὸν]
835 1979 949 2062 alioqui
967 1991 1013 2041 est
1037 1979 1120 2062 quod
1147 1982 1261 2043 sortito
1293 1985 1421 2042 eontin-

319 2066 376 2146 git.
396 2067 448 2127 hie
468 2086 525 2146 pro
545 2067 650 2126 vernis
669 2065 840 2126 hereditate
860 2062 974 2124 relictis
998 2073 1054 2125 aut
1084 2056 1159 2124 ant
1190 2063 1256 2126 τῶν
1285 2064 1421 2148 ur'rqreir

318 2169 454 2296 'mma‘
466 2147 649 2308 ddledllrdr
670 2229 730 2288 τιιῦ
747 2227 920 2312 preparari]
950 2249 1004 2290 ιιαι
1035 2243 1160 2314 sponte,
1188 2224 1271 2289 rard
1302 2232 1419 2308 προαι-

317 2332 414 2393 ρεσιν.
443 2317 650 2375 recentiorum
666 2313 855 2373 Graecorum
875 2311 1007 2374 formula
1029 2325 1082 2373 est.
1104 2325 1136 2374 et
1162 2310 1271 2373 herilis
1301 2314 1417 2374 biblio-

230 2461 236 2472 ⁸
315 2397 406 2458 theca
427 2397 565 2457 libellum
594 2398 689 2456 habet
720 2395 797 2476 περὶ
812 2397 996 2476 ,γιωμικαῖν
1022 2396 1213 2477 θελημιέτωι
1245 2396 1290 2456 de
1324 2399 1417 2460 labem

316 2480 446 2542 arbitrio
465 2489 520 2540 aut
539 2481 675 2540 libertate
695 2479 871 2556 rotonam,
896 2489 930 2539 ut
951 2479 1099 2540 arbitror.

400 2562 438 2623 Ρ.
460 2583 510 2643 79,
529 2563 560 2620 5.
601 2556 746 2639 χρυσῶν]
764 2573 808 2621 est
822 2562 889 2622 auri
905 2562 1066 2622 thesaurus
1086 2559 1215 2645 proprie
1228 2561 1315 2643 apud
1335 2562 1414 2622 lmne

316 2654 482 2704 auctorem.
503 2644 686 2724 aguliacum
707 2645 802 2718 verti,
825 2648 896 2727 (pria
919 2647 1081 2728 proprium
1100 2665 1161 2706 uon
1174 2645 1363 2730 suppetebat
1378 2647 1415 2708 nb

317 2727 421 2789 Latini
443 2729 593 2789 sermonis
616 2735 793 2808 egestatem.

399 2811 438 2872 P.
460 2831 512 2894 79,
533 2829 565 2892 9.
607 2801 648 2890 ἦν
670 2807 706 2869 dl
726 2811 780 2870 κατ’
796 2799 912 2889 ἄλλως]
928 2809 1058 2872 liberius
1080 2808 1163 2873 hunc
1187 2811 1291 2873 locum
1313 2813 1411 2890 verti,

317 2894 436 2956 omissis
456 2895 594 2955 iconibus
614 2903 645 2953 et
663 2894 846 2974 metaphoris
869 2895 1077 2975 ineptioribus.
1098 2896 1203 2974 verba,
1221 2899 1247 2956 si
1271 2897 1344 2978 quis
1366 2917 1414 2958 re·

317 2979 432 3058 quirit,
454 2981 497 3038 sic
519 2988 645 3038 sonant:
678 2977 798 3058 alioqui
825 2981 915 3038 etr'am
945 2998 981 3039 eo
1013 2992 1147 3060 tempore
1165 2981 1332 3041 conclavia
1358 3001 1414 3064 pr-

317 3060 397 3120 blt'ca
417 3082 460 3120 ex
477 3063 532 3120 Ιιοα
552 3063 586 3120 ιἰι
604 3061 684 3120 illud
701 3061 900 3140 eructabant,
922 3073 952 3120 et
970 3071 1002 3120 ut
1020 3061 1163 3122 colluvies
1184 3082 1342 3146 aquantur
1364 3083 1411 3122 re-

317 3143 507 3220 dundabant,
535 3157 566 3203 et
587 3141 710 3228 aliqrcid
727 3165 771 3202 ex
793 3147 830 3204 iis
849 3165 926 3228 quae
945 3145 1135 3206 conrnaebaru
1160 3147 1194 3206 in
1217 3159 1361 3208 ememor
1386 3158 1412 3205 et
1482 3149 1483 3180 l

313 3247 464 3312 pauperes
486 3233 619 3308 expuere
646 3227 795 3304 uolebant,
829 3227 1086 3312 quemadmodum
1113 3229 1213 3288 reterns
1237 3231 1349 3312 partui
1364 3231 1410 3290 αι’-
1482 3233 1483 3292 j

316 3311 418 3384 αιίιια,
440 3312 493 3396 qui
512 3310 582 3394 plur
602 3330 693 3394 quam
714 3313 943 3390 maturisoetus
963 3329 1056 3371 onere
1084 3327 1330 3396 prpegrauatw.
1482 3313 1483 3352 ³

402 3395 440 3457 P.
459 3394 511 3468 80,
536 3392 566 3454 5.
611 3391 647 3452 ἑκ
670 3392 727 3453 τοῦ
746 3389 792 3474 μή
814 3389 959 3474 κοτύλης]
986 3402 1018 3455 et
1039 3392 1089 3452 bie
1109 3397 1293 3456 sententiam
1310 3399 1410 3478 potins
1482 3457 1483 3460 ,

317 3497 412 3561 quam
430 3476 527 3539 verba
554 3485 698 3559 sequutus
718 3495 807 3549 sum,
830 3479 973 3560 quaeue
996 3485 1125 3540 sonant:
1156 3481 1231 3562 quia
1250 3501 1312 3540 non
1332 3480 1410 3540 scole
1482 3493 1483 3498 ’

316 3562 437 3639 cotylae
460 3560 589 3640 egebat,
610 3559 664 3618 red
678 3559 773 3641 plane
799 3551 954 3640 Tyrrheno
969 3562 1073 3632 muri,
1094 3562 1131 3621 ab
1150 3575 1321 3645 sumptuum
1342 3583 1409 3646 ques
1482 3633 1483 3644 χ

317 3643 465 3704 dilatarat
484 3643 734 3727 amplitddinem.
755 3663 814 3724 pro
836 3637 875 3715 ιῗς
894 3645 961 3723 lego
981 3643 1022 3703 δι’
1048 3637 1101 3715 tr:
1134 3665 1205 3704 nam
1228 3649 1408 3728 praepositio
1482 3697 1483 3700 ,

319 3723 395 3803 διά,
416 3725 533 3787 librarii
559 3725 740 3806 negligentia
762 3729 984 3807 praetermissa,
1007 3728 1111 3787 turbat
1132 3731 1329 3790 sententiam.

404 3808 439 3867 P.
461 3808 516 3885 81,
538 3828 567 3869 a.
610 3804 707 3886 πτύα]
729 3813 829 3870 nescio
850 3814 918 3893 quis
938 3829 1010 3870 usus
1031 3811 1197 3871 ventilabri
1225 3815 1266 3873 sit
1297 3815 1329 3873 in
1358 3813 1405 3872 ria
1482 3849 1483 3852 =

319 3891 559 3974 complananda3
581 3893 638 3952 nisi
659 3893 737 3953 forte
757 3891 893 3955 cribrum
908 3892 1068 3976 intelligat,
1090 3916 1151 3976 quo
1166 3891 1267 3976 glarea
1291 3899 1407 3957 teuuiur

319 3997 338 4040 a
359 3976 505 4038 crassiore
525 3989 705 4055 separator,
728 3987 781 4038 ant
803 3974 901 4038 πτύον
922 3977 1037 4059 aliquid
1059 3977 1144 4038 aliud
1161 3983 1189 4039 ei
1211 3980 1367 4061 signifieat
1482 3981 1483 4060 l

403 4059 444 4120 Ρ.
464 4057 518 4134 84,
543 4059 571 4122 3.
592 4054 724 4129 ταύταις
744 4059 939 4144 ἐφομαρτεῖ]
961 4063 1011 4124 hic
1024 4061 1117 4124 verba
1139 4063 1320 4144 scrupulose
1340 4078 1407 4144 per·
1482 4069 1483 4134 l

318 4147 402 4228 sequi
424 4163 485 4203 non
504 4159 623 4202 necesse
645 4143 749 4201 habui.
1482 4151 1483 4208 i

403 4227 442 4289 Ρ.
466 4225 519 4308 84,
543 4245 592 4286 aa.
635 4224 681 4310 τῷ
699 4215 875 4312 ἀδελφιδῷ]
907 4223 1022 4309 πέμπει
1051 4221 1108 4291 τὸν
1140 4223 1278 4312 ἀδελφὸν
1308 4227 1405 4314 olrr‘d
1482 4289 1483 4296 ,
