3017 4892
272 321 328 386 ns
355 312 597 382 sunuomco
626 312 823 380 couumo
856 317 930 381 uu.
960 319 1001 382 u.
1117 285 1204 393 4ιὸ
1276 367 1279 375 ,

127 462 316 551 αδτόγριγμα
336 465 488 549 πονηρίαν
505 460 670 548 ἔγραφον,
690 465 769 528 κιίπί
787 471 851 540 τοϊς
880 459 984 530 ἄλλων
1012 471 1118 541 κακοῖς
1147 463 1234 530 οόκΒ

124 567 294 641 ε’παινετοός
314 560 562 644 έπιδεικνόμενοι
580 561 615 626 τό
636 561 847 644 μακρόθυμον
867 573 934 639 τοῖς
954 564 1111 647 πάσχουσι
1130 587 1207 630 συν·

123 665 304 731 eustratus
333 669 388 730 κατ’
405 664 515 742 αότοί,
538 662 592 727 κατ’
610 664 819 745 έπεκριότυνον
836 666 955 744 μᾶλλον
973 662 1013 728 τό
1035 667 1092 728 οίκ
1116 667 1207 728 έπαι-

123 767 220 828 νετέα
240 761 359 844 ἔθιμα,
378 757 424 837 οἷς
443 759 500 844 τήν
520 759 639 826 τοότων
663 762 836 844 διόρθωσιν
856 759 977 839 ἑκόντες
998 761 1207 844 ἐκπεριίοταν·

97 863 191 926 5το.”
231 865 317 926 ταῦτ’
340 858 469 945 είρηκιός
491 854 643 942 „didisse”
662 865 865 945 προσεπῆγεν,
889 863 943 945 „ai
959 865 1030 925 καθ’
1052 855 1131 942 αἷμό
1151 886 1207 942 μοι

123 963 369 1048 προσφνείωσδε
390 958 444 1022 καί
464 955 587 1043 όσοιςῆ
614 957 693 1043 πρός
714 961 771 1041 ε’μέ
790 963 892 1037 πίστις
920 955 1047 1026 εόνοιαν
1065 959 1207 1044 ,ἐπιβρί-

123 1063 241 1139 βεοσε,
264 1061 320 1122 καί
337 1055 371 1120 τό
393 1057 595 1143 περιεστηκὸς
616 1061 652 1122 δέ
672 1058 797 1142 λοιπόν,
818 1055 890 1127 ὅσον
911 1083 946 1124 τε
977 1061 1022 1136 εἷς
1042 1057 1209 1142 γερουσίαν

123 1158 299 1240 έγκέκριται
319 1159 374 1221 καί
393 1153 465 1222 όσον
483 1159 517 1232 ἐς
537 1155 574 1222 τό
593 1151 696 1236 ἄλλως
709 1159 902 1244 δπουργικόν
918 1163 955 1248 τῇ
974 1158 1209 1246 tassieium-

123 1256 231 1336 μαίων
254 1252 528 1340 ἀποκεκλήρωται,
551 1252 707 1322 όκοόσατέ
723 1281 804 1340 μου,
825 1257 987 1324 α’κοόσατε.
1030 1259 1210 1342 φθέγξομαι

83 1353 184 1438 ιογέρ
206 1356 268 1437 οόχ
290 1349 351 1418 όσα
373 1379 431 1440 περ
460 1354 525 1441 α’ἡρ,
556 1354 745 1441 διαφορῆσαι
766 1357 930 1439 ἀτέλεστα,
955 1359 1021 1422 αλλ’
1050 1353 1149 1420 ὁπόσα
1178 1357 1209 1420 εἰ

122 1452 168 1537 μή
189 1451 247 1518 τόν
264 1453 368 1519 εἰκότα
386 1455 502 1540 χρόνον
522 1457 572 1519 ἐπ’
592 1452 685 1540 ἔργον
705 1455 909 1540 ε’κβὴσονται,
928 1454 982 1522 τόν
998 1456 1058 1536 μὲν
1079 1453 1115 1517 τό
1138 1461 1245 1517 ποι-ν.
1262 1463 1309 1534 ¹⁷3

123 1557 212 1637 ητέον
232 1554 291 1634 έμέ
312 1551 568 1636 διακελευόμενον
586 1555 621 1618 ἐκ
637 1555 779 1638 μόνωσιν
799 1558 843 1631 είς
863 1551 973 1640 ὀργήν,
995 1556 1014 1639 ἧ
1036 1555 1071 1618 δέ
1091 1552 1205 1639 βαρεῖά

124 1675 172 1727 τις
192 1655 251 1719 καί
272 1653 480 1730 δοσόποτστος
500 1652 689 1736 έπενσκήψει
715 1662 782 1732 τοῖς
812 1655 899 1739 παρὰ
919 1656 957 1720 τὰ
979 1657 1237 1737 διατεταγμένασ

123 1773 178 1831 μοι
198 1748 369 1835 πρέπουσι
389 1753 445 1816 καί
463 1755 606 1834 α’ρχικοῖν
635 1757 691 1818 οόκ
717 1756 944 1836 έμπαζομὲνοις
973 1750 1052 1832 όλως
1082 1757 1208 1839 φωνεῖν.

82 1851 116 1915 15
119 1847 229 1932 χρεων
247 1853 307 1930 μὲν
326 1845 384 1915 adr
396 1850 451 1915 καί
463 1844 563 1915 τᾶλλα
585 1850 626 1914 τοὶ
647 1857 834 1938 κοινοβλαβῆ
853 1854 908 1918 καί
926 1850 1208 1939 κηρεσιφόραῬω-

119 1947 231 2030 μαίοις
243 1948 441 2030 παύσασθαι,
462 1949 517 2013 καί
530 1947 670 2014 ἔστωσαν
687 1947 803 2026 εἰδότες
825 1951 857 2014 ολ
873 1951 928 2016 τόν
944 1954 1125 2033 πλεονέκτην
1138 1952 1209 2030 βίον

120 2040 373 2126 μεταδιώκοντες
393 2047 437 2123 υός
452 2047 482 2110 εἰ
491 2045 535 2130 μή
555 2043 702 2131 λήξουσιν
721 2047 883 2114 ἐθελονταί
896 2054 950 2133 τῆς
963 2052 1024 2114 τῶν
1038 2047 1208 2131 ἀλλοτρίων

121 2146 284 2229 ἐφέσεως,
306 2147 361 2208 καί
379 2143 418 2210 τό
440 2146 538 2209 οἰκεῖα
558 2150 832 2229 προσαπολίοουσι
861 2152 916 2212 καί
935 2157 1001 2222 τοῖς
1026 2151 1088 2212 τοῖν
1113 2147 1207 2231 πενή-

121 2267 184 2308 των
203 2242 485 2327 έκφυσηθὴσονται
506 2253 686 2326 στεναγμοῖς
718 2239 823 2330 ιόσπερ
855 2248 890 2311 έν
921 2247 1047 2332 σφοδρᾷ
1076 2247 1208 2310 λαίλαπι

82 2347 204 2425 οοχοῦς
227 2341 290 2406 α’πό
322 2341 491 2424 προσιόπου
523 2346 581 2428 γῆς
608 2346 824 2426 ἐκριπίζεται,
854 2341 995 2426 μάλιστα
1022 2348 1057 2409 δέ
1083 2344 1118 2410 τό
1138 2355 1208 2420 ταῖς

124 2445 240 2507 ναυσίν
263 2444 464 2507 έπιτιδεσδαι
483 2448 539 2508 καί
556 2443 741 2528 διαρπάζειν
761 2442 835 2521 τοός
861 2441 1018 2530 φόρτους,
1044 2446 1144 2510 ένίοιε
1172 2447 1208 2510 δέ

125 2541 179 2606 καί
201 2539 307 2616 αὐτός
334 2545 599 2625 κατατεμαχιζειν
628 2544 682 2608 καί
710 2543 928 2630 οἷπογομφοόν.
971 2540 1074 2620 εἴτις
1103 2545 1207 2610 τοίνυν

123 2639 214 2720 όμιόν
235 2635 342 2724 ἀρχὴν
362 2641 397 2705 έκ
417 2643 476 2706 τοό
494 2642 647 2727 ἡμετέρου
666 2641 801 2727 κρότους
817 2645 953 2726 χειρίζει
973 2635 994 2728 ἢ
1013 2640 1047 2707 εἴ
1068 2668 1115 2718 τις
1138 2647 1207 2706 α’κι-

123 2739 221 2822 νήτων
245 2740 410 2823 παραλίων
430 2737 555 2827 κόριος,
581 2739 799 2828 καταρτισότω
823 2737 1115 2830 πρότερονέαυτόν,
1135 2738 1237 2813 εἶναι)

188 2923 212 2958 s.
230 2905 444 2989 ἑγδεικνύμενοι
460 2911 491 2963 Α.
583 2913 608 2964 3.
627 2907 687 2983 οὖν]
704 2902 743 2982 pu}
762 2911 791 2963 d.
872 2907 954 2981 aa]
973 2902 1092 2980 πρόςλ.
1163 2925 1205 2964 aa.

186 2997 278 3049 χνονς
295 2978 324 3029 Β.
394 2995 436 3031 οι.
455 2979 590 3054 φόρτοοςΙ
609 2981 717 3054 γόμσυς
733 2982 762 3035 B.
844 2983 886 3034 ai.
905 2977 920 3046 ἢ
937 2995 981 3031 our
997 2980 1082 3032 APW.

125 3147 250 3214 videtur,
276 3147 349 3200 nihil
372 3148 426 3200 nisi
443 3149 576 3201 malitiam
601 3151 783 3220 scripserunt,
806 3157 835 3201 et
851 3148 880 3202 in
898 3149 995 3200 alienis
1014 3147 1093 3198 maiis
1113 3155 1207 3200 contra

126 3233 203 3286 qnam
221 3220 305 3272 decet
320 3220 476 3288 patientes,
493 3222 606 3273 afflictos
629 3222 681 3290 ipsi
702 3237 812 3290 quoque
831 3227 894 3272 sunt
910 3220 1044 3279 insectati,
1063 3217 1126 3268 dum
1145 3235 1207 3286 pra-

124 3305 169 3340 vos
183 3307 275 3342 mores
293 3305 348 3340 uon
365 3291 523 3359 corrigendo
541 3291 758 3343 confirmarunt.’'
777 3307 847 3360 quae
865 3307 925 3343 cum
943 3289 1071 3350 dixisset,
1090 3289 1208 3342 subiecit

123 3359 208 3424 „viri,
225 3361 276 3431 qui
294 3361 425 3427 sanguine
441 3361 509 3412 mihi
528 3362 613 3413 iuncti
631 3370 679 3412 aut
697 3360 752 3412 fide
767 3369 856 3413 vestra
881 3377 967 3412 meam
988 3358 1206 3412 benevolentiam

125 3434 260 3485 consecuti
279 3432 352 3493 estis,
370 3433 521 3500 etreliqua
538 3433 712 3482 circumstans
731 3447 840 3494 corona,
857 3431 913 3482 sive
930 3431 960 3480 in
977 3437 1098 3480 senatum
1112 3430 1208 3480 asscri-

124 3506 169 3567 pta
186 3502 242 3554 sive
257 3501 322 3554 aliis
339 3503 446 3571 imperii
466 3503 624 3554 muneribus
645 3501 795 3564 destinata,
816 3500 919 3564 audite,
930 3499 1091 3551 auditerue.
1110 3500 1207 3570 loquar

126 3571 194 3622 euim
211 3591 270 3626 non
287 3587 320 3623 ea
337 3589 409 3642 quae
427 3577 475 3623 asir
493 3573 591 3623 frustra
609 3571 732 3642 dissipet,
753 3570 802 3623 sed
821 3587 852 3622 ea
871 3587 942 3640 quae
960 3569 1012 3622 uisi
1033 3587 1081 3622 suo
1100 3580 1206 3640 tempo-

125 3654 153 3690 ss
169 3642 227 3709 ipsa
256 3659 288 3693 re
305 3642 492 3712 apparebunt,
513 3659 556 3693 me
580 3642 663 3694 edicti
680 3650 817 3694 auctorem
838 3644 910 3710 gravi
925 3643 965 3693 ira
984 3644 1205 3694 commovebunt:

126 3722 234 3764 cavero
252 3713 323 3764 acris
342 3723 370 3765 et
387 3712 570 3764 intolerabilis
589 3715 618 3765 iu
637 3731 683 3765 eos
704 3713 856 3776 desaeviet,
876 3714 923 3782 qui
942 3713 1015 3764 dicto
1034 3714 1205 3782 magistratus

124 3795 177 3832 non
196 3785 340 3836 audientes
365 3801 443 3835 secus
472 3800 503 3834 ac
526 3783 594 3835 iussi
621 3783 742 3836 fecerint.
773 3801 833 3834 cum
852 3793 942 3836 sutem
960 3783 1014 3835 alia
1035 3799 1144 3854 quoque
1164 3783 1204 3833 rei

124 3850 248 3917 publicas
272 3853 504 3906 incommodantia
530 3863 558 3905 et
576 3855 680 3906 cladem
706 3855 832 3906 Romania
857 3855 1030 3924 importantia
1050 3854 1205 3922 abroganda

125 3921 193 3988 sint,
222 3923 346 3976 homines
372 3943 406 3977 ex
429 3933 507 3994 rapto
531 3925 621 3976 vivere
647 3926 723 3976 soliti
749 3925 872 3989 sciunto,
895 3927 949 3978 nisi
979 3927 1051 3977 ultro
1076 3935 1204 3994 appetere

125 3988 211 4044 aliena
230 3996 379 4058 desierint,
396 3996 478 4048 etiam
496 4013 545 4048 sua
572 3997 716 4048 amissuros
736 4004 765 4047 et
782 4013 930 4065 pauperum
947 3997 1069 4064 suspiriis
1088 4013 1142 4047 nou
1161 4013 1205 4047 se-

126 4076 171 4114 cus
196 4065 314 4116 eiectum
342 4067 376 4118 iri
406 4083 487 4136 quiam
514 4067 605 4136 pulvis
630 4083 646 4117 a
672 4065 829 4118 vehementi
849 4067 959 4119 turbins
977 4069 1138 4136 dissipatur,
1157 4083 1204 4117 eos

126 4137 281 4196 praesertim
300 4137 349 4205 qui
367 4138 514 4206 naufragiis
529 4137 694 4189 insidiantur
712 4146 740 4189 et
751 4139 869 4190 sarcinas
888 4139 1022 4208 diripiunt
1034 4147 1061 4189 et
1079 4139 1204 4206 aliquan-

127 4197 159 4252 do
178 4204 250 4274 ipsas
269 4223 352 4260 naves
381 4207 518 4262 dissecant
533 4218 562 4264 et
574 4210 768 4264 comminuunt.
790 4209 812 4262 si
834 4211 895 4280 quis
916 4217 1034 4262 vestruiu
1052 4209 1135 4276 igitur
1152 4221 1204 4258 aa·
