<?xml version="1.0" encoding="UTF-8"?>
<!DOCTYPE html PUBLIC "-//W3C//DTD XHTML 1.0 Transitional//EN"
    "http://www.w3.org/TR/xhtml1/DTD/xhtml1-transitional.dtd">
<html xmlns="http://www.w3.org/1999/xhtml" xml:lang="en" lang="en">
 <head>
  <title>
</title>
<meta http-equiv="Content-Type" content="text/html;charset=utf-8" />
  <meta name='ocr-system' content='tesseract 3.04.00' />
  <meta name='ocr-capabilities' content='ocr_page ocr_carea ocr_par ocr_line ocrx_word'/>
</head>
<body>
  <div class='ocr_page' id='page_1' title='image "./corpusscriptoru03unkngoog/corpusscriptoru03unkngoog_0736.png"; bbox 0 0 3017 4892; ppageno 0'>
   <div class='ocr_carea' id='block_1_1' title="bbox 299 362 1061 482">
    <p class='ocr_par' dir='ltr' id='par_1_1' title="bbox 299 362 1061 482">
     <span class='ocr_line' id='line_1_1' title="bbox 299 362 1061 482; baseline 0 -28"><span class='ocrx_word' id='word_1_1' title='bbox 299 362 386 474; x_wconf 84' lang='lat'><strong><em>690</em></strong></span> <span class='ocrx_word' id='word_1_2' title='bbox 617 391 793 458; x_wconf 74' lang='lat' dir='ltr'><strong>memte</strong></span> <span class='ocrx_word' id='word_1_3' title='bbox 821 389 1061 482; x_wconf 77' lang='lat' dir='ltr'><strong>cuouurta</strong></span> 
     </span>
    </p>
   </div>
   <div class='ocr_carea' id='block_1_2' title="bbox 191 533 1499 2820">
    <p class='ocr_par' dir='ltr' id='par_1_2' title="bbox 191 533 1499 2820">
     <span class='ocr_line' id='line_1_2' title="bbox 295 533 1383 627; baseline -0.001 -25"><span class='ocrx_word' id='word_1_4' title='bbox 295 539 385 620; x_wconf 79' lang='grc' dir='ltr'><strong><em>μάλα</em></strong></span> <span class='ocrx_word' id='word_1_5' title='bbox 406 541 556 621; x_wconf 80' lang='grc' dir='ltr'><strong><em>έμμανάς</em></strong></span> <span class='ocrx_word' id='word_1_6' title='bbox 574 541 715 627; x_wconf 72' lang='grc' dir='ltr'><strong><em>έπεφιὶη,</em></strong></span> <span class='ocrx_word' id='word_1_7' title='bbox 733 539 870 604; x_wconf 87' lang='grc' dir='ltr'><strong><em>παλαιόν</em></strong></span> <span class='ocrx_word' id='word_1_8' title='bbox 889 539 1063 626; x_wconf 64' lang='grc' dir='ltr'><strong><em>ἀποτόμων</em></strong></span> <span class='ocrx_word' id='word_1_9' title='bbox 1078 540 1203 604; x_wconf 86' lang='grc' dir='ltr'><strong><em>Ἰκονίου</em></strong></span> <span class='ocrx_word' id='word_1_10' title='bbox 1224 533 1326 621; x_wconf 78' lang='grc' dir='ltr'><strong><em>ἔρωτα</em></strong></span> <span class='ocrx_word' id='word_1_11' title='bbox 1345 535 1383 612; x_wconf 81' lang='grc' dir='ltr'><strong><em>ἀς</em></strong></span> 
     </span>
     <span class='ocr_line' id='line_1_3' title="bbox 296 637 1384 727; baseline -0.001 -25"><span class='ocrx_word' id='word_1_12' title='bbox 296 637 435 722; x_wconf 85' lang='grc' dir='ltr'><strong><em>ἀρχαίου</em></strong></span> <span class='ocrx_word' id='word_1_13' title='bbox 458 638 630 727; x_wconf 67' lang='grc' dir='ltr'><strong><em>πατρηῖου,</em></strong></span> <span class='ocrx_word' id='word_1_14' title='bbox 650 642 707 704; x_wconf 83' lang='grc' dir='ltr'><strong><em>καί</em></strong></span> <span class='ocrx_word' id='word_1_15' title='bbox 722 645 834 706; x_wconf 81' lang='grc' dir='ltr'><strong><em>τοῦτον</em></strong></span> <span class='ocrx_word' id='word_1_16' title='bbox 855 641 899 714; x_wconf 80' lang='grc' dir='ltr'><strong><em>ιάς</em></strong></span> <span class='ocrx_word' id='word_1_17' title='bbox 922 643 1084 724; x_wconf 79' lang='grc' dir='ltr'><strong><em>μητρόθεν</em></strong></span> <span class='ocrx_word' id='word_1_18' title='bbox 1105 639 1303 720; x_wconf 75' lang='grc' dir='ltr'><strong><em>Χριστιανὸν</em></strong></span> <span class='ocrx_word' id='word_1_19' title='bbox 1329 665 1384 719; x_wconf 91' lang='grc' dir='ltr'><strong><em>μυ-</em></strong></span> 
     </span>
     <span class='ocr_line' id='line_1_4' title="bbox 296 726 1384 824; baseline -0.003 -21"><span class='ocrx_word' id='word_1_20' title='bbox 296 726 497 812; x_wconf 77' lang='grc' dir='ltr'><strong><em>σάττόιιενος.</em></strong></span> <span class='ocrx_word' id='word_1_21' title='bbox 540 743 673 820; x_wconf 77' lang='grc' dir='ltr'><em>πέμπων</em></span> <span class='ocrx_word' id='word_1_22' title='bbox 693 731 750 804; x_wconf 77' lang='grc' dir='ltr'><strong><em>οὖν</em></strong></span> <span class='ocrx_word' id='word_1_23' title='bbox 771 740 967 824; x_wconf 78' lang='grc' dir='ltr'><strong><em>ὑπεκστῆναί</em></strong></span> <span class='ocrx_word' id='word_1_24' title='bbox 982 737 1011 802; x_wconf 85' lang='lat' dir='ltr'><strong><em>oi</em></strong></span> <span class='ocrx_word' id='word_1_25' title='bbox 1034 737 1166 824; x_wconf 71' lang='grc' dir='ltr'><strong><em>παρῄνει</em></strong></span> <span class='ocrx_word' id='word_1_26' title='bbox 1185 745 1243 802; x_wconf 85' lang='grc' dir='ltr'><strong><em>τοῦ</em></strong></span> <span class='ocrx_word' id='word_1_27' title='bbox 1263 735 1384 802; x_wconf 88' lang='grc' dir='ltr'><strong><em>Ἰκονιόυ</em></strong></span> 
     </span>
     <span class='ocr_line' id='line_1_5' title="bbox 258 831 1383 923; baseline 0.001 -25"><span class='ocrx_word' id='word_1_28' title='bbox 258 843 352 902; x_wconf 78' lang='grc' dir='ltr'><strong><em>1)καί</em></strong></span> <span class='ocrx_word' id='word_1_29' title='bbox 370 840 424 923; x_wconf 71' lang='grc' dir='ltr'><strong><em>τῆς</em></strong></span> <span class='ocrx_word' id='word_1_30' title='bbox 456 833 532 921; x_wconf 83' lang='grc' dir='ltr'><strong><em>ὅλης</em></strong></span> <span class='ocrx_word' id='word_1_31' title='bbox 560 842 696 923; x_wconf 85' lang='grc' dir='ltr'><strong><em>ἀπορεῖν</em></strong></span> <span class='ocrx_word' id='word_1_32' title='bbox 724 843 929 920; x_wconf 79' lang='grc' dir='ltr'><strong><em>δυναστείας,</em></strong></span> <span class='ocrx_word' id='word_1_33' title='bbox 958 837 1022 922; x_wconf 74' lang='grc' dir='ltr'><strong><em>εἴγε</em></strong></span> <span class='ocrx_word' id='word_1_34' title='bbox 1054 837 1201 920; x_wconf 79' lang='grc' dir='ltr'><strong><em>βούλοιτο</em></strong></span> <span class='ocrx_word' id='word_1_35' title='bbox 1232 831 1272 900; x_wconf 71' lang='grc' dir='ltr'><strong><em>τί</em></strong></span> <span class='ocrx_word' id='word_1_36' title='bbox 1304 837 1383 918; x_wconf 89' lang='grc' dir='ltr'><strong><em>μα’λα</em></strong></span> 
     </span>
     <span class='ocr_line' id='line_1_6' title="bbox 192 931 1405 1021; baseline -0.002 -20"><span class='ocrx_word' id='word_1_37' title='bbox 192 939 284 1014; x_wconf 59' lang='lat' dir='ltr'><strong><em>va„</em></strong></span> <span class='ocrx_word' id='word_1_38' title='bbox 295 937 426 1021; x_wconf 78' lang='grc' dir='ltr'><strong><em>πράξειν</em></strong></span> <span class='ocrx_word' id='word_1_39' title='bbox 446 937 545 1014; x_wconf 81' lang='grc' dir='ltr'><strong><em>αάτός</em></strong></span> <span class='ocrx_word' id='word_1_40' title='bbox 555 989 566 1020; x_wconf 84' lang='grc'><em>,</em></span> <span class='ocrx_word' id='word_1_41' title='bbox 596 940 655 1014; x_wconf 81' lang='grc' dir='ltr'><strong><em>τὰς</em></strong></span> <span class='ocrx_word' id='word_1_42' title='bbox 678 941 715 1002; x_wconf 81' lang='grc' dir='ltr'><strong><em>δὲ</em></strong></span> <span class='ocrx_word' id='word_1_43' title='bbox 740 935 850 1016; x_wconf 88' lang='grc' dir='ltr'><strong><em>πόλεις</em></strong></span> <span class='ocrx_word' id='word_1_44' title='bbox 880 939 946 1002; x_wconf 88' lang='grc' dir='ltr'><strong><em>κατ’</em></strong></span> <span class='ocrx_word' id='word_1_45' title='bbox 982 931 1085 1020; x_wconf 76' lang='grc' dir='ltr'><strong><em>ἄνδρα</em></strong></span> <span class='ocrx_word' id='word_1_46' title='bbox 1116 940 1172 1001; x_wconf 85' lang='grc' dir='ltr'><strong><em>καί</em></strong></span> <span class='ocrx_word' id='word_1_47' title='bbox 1201 943 1269 1002; x_wconf 86' lang='grc' dir='ltr'><strong><em>κατ’</em></strong></span> <span class='ocrx_word' id='word_1_48' title='bbox 1303 937 1405 1011; x_wconf 62' lang='lat' dir='ltr'><strong>ltingt</strong></span> 
     </span>
     <span class='ocr_line' id='line_1_7' title="bbox 295 1032 1384 1120; baseline -0.006 -18"><span class='ocrx_word' id='word_1_49' title='bbox 295 1033 485 1120; x_wconf 73' lang='grc' dir='ltr'><strong><em>ἀπειράτους</em></strong></span> <span class='ocrx_word' id='word_1_50' title='bbox 503 1049 612 1118; x_wconf 79' lang='grc' dir='ltr'><strong><em>μεῖναι</em></strong></span> <span class='ocrx_word' id='word_1_51' title='bbox 632 1042 696 1102; x_wconf 75' lang='grc' dir='ltr'><strong><em>ταῖν</em></strong></span> <span class='ocrx_word' id='word_1_52' title='bbox 715 1041 751 1104; x_wconf 78' lang='grc' dir='ltr'><strong><em>ἐκ</em></strong></span> <span class='ocrx_word' id='word_1_53' title='bbox 771 1043 831 1102; x_wconf 81' lang='grc' dir='ltr'><strong><em>τοῦ</em></strong></span> <span class='ocrx_word' id='word_1_54' title='bbox 850 1041 987 1118; x_wconf 84' lang='grc' dir='ltr'><strong><em>πολέμου</em></strong></span> <span class='ocrx_word' id='word_1_55' title='bbox 1009 1039 1132 1102; x_wconf 78' lang='grc' dir='ltr'><strong><em>δεινῶν·</em></strong></span> <span class='ocrx_word' id='word_1_56' title='bbox 1176 1032 1259 1100; x_wconf 73' lang='grc' dir='ltr'><strong><em>οὕτω</em></strong></span> <span class='ocrx_word' id='word_1_57' title='bbox 1280 1062 1384 1115; x_wconf 78' lang='grc' dir='ltr'><strong><em>κεκομ-</em></strong></span> 
     </span>
     <span class='ocr_line' id='line_1_8' title="bbox 294 1131 1385 1224; baseline -0.004 -23"><span class='ocrx_word' id='word_1_58' title='bbox 294 1139 452 1220; x_wconf 88' lang='grc' dir='ltr'><strong><em>πασμένος</em></strong></span> <span class='ocrx_word' id='word_1_59' title='bbox 469 1131 510 1222; x_wconf 76' lang='grc' dir='ltr'><strong><em>ἧν</em></strong></span> <span class='ocrx_word' id='word_1_60' title='bbox 530 1143 586 1202; x_wconf 85' lang='grc' dir='ltr'><strong><em>καί</em></strong></span> <span class='ocrx_word' id='word_1_61' title='bbox 604 1140 837 1223; x_wconf 71' lang='grc' dir='ltr'><strong><em>ἀνυπέρβλητος</em></strong></span> <span class='ocrx_word' id='word_1_62' title='bbox 864 1136 917 1202; x_wconf 86' lang='grc' dir='ltr'><strong><em>τὸν</em></strong></span> <span class='ocrx_word' id='word_1_63' title='bbox 943 1139 1046 1224; x_wconf 76' lang='grc' dir='ltr'><strong><em>τῦφον</em></strong></span> <span class='ocrx_word' id='word_1_64' title='bbox 1074 1136 1091 1202; x_wconf 87' lang='grc' dir='ltr'>ὁ</span> <span class='ocrx_word' id='word_1_65' title='bbox 1120 1135 1309 1218; x_wconf 81' lang='grc' dir='ltr'><strong><em>βάρβαρος,</em></strong></span> <span class='ocrx_word' id='word_1_66' title='bbox 1338 1137 1385 1198; x_wconf 78' lang='grc' dir='ltr'><strong><em>κατ’</em></strong></span> 
     </span>
     <span class='ocr_line' id='line_1_9' title="bbox 293 1233 1386 1322; baseline -0.006 -20"><span class='ocrx_word' id='word_1_67' title='bbox 293 1236 350 1322; x_wconf 78' lang='grc' dir='ltr'><strong><em>την</em></strong></span> <span class='ocrx_word' id='word_1_68' title='bbox 372 1236 476 1322; x_wconf 82' lang='grc' dir='ltr'><strong><em>ἀφρόν</em></strong></span> <span class='ocrx_word' id='word_1_69' title='bbox 499 1238 735 1322; x_wconf 76' lang='grc' dir='ltr'><strong><em>ὑπερνέφελος,</em></strong></span> <span class='ocrx_word' id='word_1_70' title='bbox 769 1238 826 1302; x_wconf 86' lang='grc' dir='ltr'><strong><em>καί</em></strong></span> <span class='ocrx_word' id='word_1_71' title='bbox 843 1233 887 1311; x_wconf 80' lang='grc' dir='ltr'><strong><em>ὦς</em></strong></span> <span class='ocrx_word' id='word_1_72' title='bbox 907 1235 953 1312; x_wconf 82' lang='grc' dir='ltr'><strong><em>ἰός</em></strong></span> <span class='ocrx_word' id='word_1_73' title='bbox 975 1237 1183 1322; x_wconf 72' lang='grc' dir='ltr'><strong><em>πολύφθορος</em></strong></span> <span class='ocrx_word' id='word_1_74' title='bbox 1201 1235 1283 1300; x_wconf 69' lang='lat' dir='ltr'><strong>nursi</strong></span> <span class='ocrx_word' id='word_1_75' title='bbox 1307 1242 1386 1299; x_wconf 84' lang='grc' dir='ltr'><strong><em>πλεί-</em></strong></span> 
     </span>
     <span class='ocr_line' id='line_1_10' title="bbox 294 1336 1387 1422; baseline -0.001 -19"><span class='ocrx_word' id='word_1_76' title='bbox 294 1361 366 1403; x_wconf 78' lang='grc' dir='ltr'><strong><em>οτον</em></strong></span> <span class='ocrx_word' id='word_1_77' title='bbox 399 1338 660 1418; x_wconf 81' lang='grc' dir='ltr'><strong><em>διασκιδνάμενός</em></strong></span> <span class='ocrx_word' id='word_1_78' title='bbox 689 1362 724 1402; x_wconf 84' lang='grc' dir='ltr'><strong><em>τε</em></strong></span> <span class='ocrx_word' id='word_1_79' title='bbox 757 1339 813 1404; x_wconf 86' lang='grc' dir='ltr'><strong><em>καί</em></strong></span> <span class='ocrx_word' id='word_1_80' title='bbox 846 1336 1060 1420; x_wconf 84' lang='grc' dir='ltr'><strong><em>διαχεόμενος.</em></strong></span> <span class='ocrx_word' id='word_1_81' title='bbox 1110 1337 1258 1422; x_wconf 88' lang='grc' dir='ltr'><strong><em>πρόσεισι</em></strong></span> <span class='ocrx_word' id='word_1_82' title='bbox 1290 1339 1387 1402; x_wconf 82' lang='grc' dir='ltr'><strong><em>τοίνυν</em></strong></span> 
     </span>
     <span class='ocr_line' id='line_1_11' title="bbox 294 1425 1499 1524; baseline -0.003 -22"><span class='ocrx_word' id='word_1_83' title='bbox 294 1434 501 1522; x_wconf 82' lang='grc' dir='ltr'><strong><em>Καϊχοσρόης</em></strong></span> <span class='ocrx_word' id='word_1_84' title='bbox 538 1442 582 1524; x_wconf 78' lang='grc' dir='ltr'><strong><em>τῷ</em></strong></span> <span class='ocrx_word' id='word_1_85' title='bbox 618 1443 750 1520; x_wconf 83' lang='grc' dir='ltr'><strong><em>βασιλεῖ</em></strong></span> <span class='ocrx_word' id='word_1_86' title='bbox 778 1442 953 1522; x_wconf 75' lang='grc' dir='ltr'><strong><em>ἐκεχειρίας</em></strong></span> <span class='ocrx_word' id='word_1_87' title='bbox 977 1443 1162 1522; x_wconf 76' lang='grc' dir='ltr'><strong><em>γενομένης,</em></strong></span> <span class='ocrx_word' id='word_1_88' title='bbox 1195 1437 1250 1502; x_wconf 88' lang='grc' dir='ltr'><strong><em>τόν</em></strong></span> <span class='ocrx_word' id='word_1_89' title='bbox 1271 1425 1420 1502; x_wconf 74' lang='grc' dir='ltr'><strong><em>Ιιῖαυτοόῐι]</em></strong></span> <span class='ocrx_word' id='word_1_90' title='bbox 1498 1449 1499 1498; x_wconf 78' lang='lat'>3</span> 
     </span>
     <span class='ocr_line' id='line_1_12' title="bbox 293 1536 1386 1628; baseline -0.001 -28"><span class='ocrx_word' id='word_1_91' title='bbox 293 1538 387 1600; x_wconf 88' lang='grc' dir='ltr'><strong><em>τοκέα</em></strong></span> <span class='ocrx_word' id='word_1_92' title='bbox 408 1537 495 1628; x_wconf 34' lang='grc' dir='ltr'><strong><em>κατὰ,</em></strong></span> <span class='ocrx_word' id='word_1_93' title='bbox 509 1541 601 1602; x_wconf 77' lang='grc' dir='ltr'><strong><em>τοῦτο</em></strong></span> <span class='ocrx_word' id='word_1_94' title='bbox 623 1536 809 1620; x_wconf 77' lang='grc' dir='ltr'><strong><em>ἐζηλωκώς,</em></strong></span> <span class='ocrx_word' id='word_1_95' title='bbox 830 1537 902 1602; x_wconf 80' lang='grc' dir='ltr'><strong><em>ἐπεὶ</em></strong></span> <span class='ocrx_word' id='word_1_96' title='bbox 922 1539 1065 1613; x_wconf 78' lang='grc' dir='ltr'><strong><em>κάκεῖνος</em></strong></span> <span class='ocrx_word' id='word_1_97' title='bbox 1083 1537 1158 1614; x_wconf 83' lang='grc' dir='ltr'><strong><em>τοός</em></strong></span> <span class='ocrx_word' id='word_1_98' title='bbox 1181 1543 1240 1622; x_wconf 83' lang='grc' dir='ltr'><strong><em>ἀφ’</em></strong></span> <span class='ocrx_word' id='word_1_99' title='bbox 1259 1542 1386 1620; x_wconf 77' lang='grc' dir='ltr'><strong><em>αἳματος</em></strong></span> 
     </span>
     <span class='ocr_line' id='line_1_13' title="bbox 294 1633 1386 1724; baseline -0.002 -26"><span class='ocrx_word' id='word_1_100' title='bbox 294 1635 415 1700; x_wconf 78' lang='grc' dir='ltr'><strong><em>ἀδικῶν</em></strong></span> <span class='ocrx_word' id='word_1_101' title='bbox 433 1636 489 1700; x_wconf 83' lang='grc' dir='ltr'><strong><em>καί</em></strong></span> <span class='ocrx_word' id='word_1_102' title='bbox 507 1637 559 1699; x_wconf 78' lang='grc' dir='ltr'><strong><em>ὑπ’</em></strong></span> <span class='ocrx_word' id='word_1_103' title='bbox 584 1633 924 1718; x_wconf 62' lang='grc' dir='ltr'><strong><em>αάτῶνιάδικοόμενος</em></strong></span> <span class='ocrx_word' id='word_1_104' title='bbox 952 1637 1034 1718; x_wconf 78' lang='grc' dir='ltr'><strong><em>μετὰ</em></strong></span> <span class='ocrx_word' id='word_1_105' title='bbox 1066 1637 1124 1722; x_wconf 75' lang='grc' dir='ltr'><strong><em>τὴν</em></strong></span> <span class='ocrx_word' id='word_1_106' title='bbox 1152 1640 1210 1702; x_wconf 81' lang='grc' dir='ltr'><strong><em>τοῦ</em></strong></span> <span class='ocrx_word' id='word_1_107' title='bbox 1232 1638 1386 1724; x_wconf 76' lang='grc' dir='ltr'><strong><em>φύσαντος</em></strong></span> 
     </span>
     <span class='ocr_line' id='line_1_14' title="bbox 294 1731 1385 1821; baseline -0.004 -19"><span class='ocrx_word' id='word_1_108' title='bbox 294 1739 414 1802; x_wconf 77' lang='grc' dir='ltr'><strong><em>ἐκεῖνον</em></strong></span> <span class='ocrx_word' id='word_1_109' title='bbox 435 1736 579 1800; x_wconf 72' lang='lat' dir='ltr'><strong>Maeotis</strong></span> <span class='ocrx_word' id='word_1_110' title='bbox 601 1731 796 1819; x_wconf 70' lang='grc' dir='ltr'><strong><em>ἀποβιασιν,</em></strong></span> <span class='ocrx_word' id='word_1_111' title='bbox 818 1736 863 1811; x_wconf 79' lang='grc' dir='ltr'><strong><em>τός</em></strong></span> <span class='ocrx_word' id='word_1_112' title='bbox 884 1741 929 1814; x_wconf 83' lang='grc' dir='ltr'><strong><em>εἰς</em></strong></span> <span class='ocrx_word' id='word_1_113' title='bbox 950 1731 1091 1821; x_wconf 75' lang='grc' dir='ltr'><strong><em>ἄγκυραν</em></strong></span> <span class='ocrx_word' id='word_1_114' title='bbox 1118 1735 1211 1820; x_wconf 79' lang='grc' dir='ltr'><strong><em>ἱερόν</em></strong></span> <span class='ocrx_word' id='word_1_115' title='bbox 1239 1735 1292 1800; x_wconf 82' lang='grc' dir='ltr'><strong><em>καί</em></strong></span> <span class='ocrx_word' id='word_1_116' title='bbox 1318 1758 1385 1799; x_wconf 83' lang='lat' dir='ltr'><strong>ore·</strong></span> 
     </span>
     <span class='ocr_line' id='line_1_15' title="bbox 295 1833 1386 1922; baseline -0.001 -24"><span class='ocrx_word' id='word_1_117' title='bbox 295 1836 371 1920; x_wconf 81' lang='grc' dir='ltr'><strong><em>ρεάν</em></strong></span> <span class='ocrx_word' id='word_1_118' title='bbox 392 1845 488 1920; x_wconf 82' lang='grc' dir='ltr'><strong><em>χεῖρα</em></strong></span> <span class='ocrx_word' id='word_1_119' title='bbox 507 1839 685 1920; x_wconf 75' lang='grc' dir='ltr'><strong><em>δυναμένην</em></strong></span> <span class='ocrx_word' id='word_1_120' title='bbox 704 1833 886 1920; x_wconf 77' lang='grc' dir='ltr'><strong><em>ἀπολαβεῖν,</em></strong></span> <span class='ocrx_word' id='word_1_121' title='bbox 907 1835 960 1902; x_wconf 85' lang='grc' dir='ltr'><strong><em>τὸν</em></strong></span> <span class='ocrx_word' id='word_1_122' title='bbox 980 1835 1205 1920; x_wconf 82' lang='grc' dir='ltr'><strong><em>αάτοκράτορα</em></strong></span> <span class='ocrx_word' id='word_1_123' title='bbox 1223 1839 1386 1922; x_wconf 82' lang='grc' dir='ltr'><strong><em>προσέβλε-</em></strong></span> 
     </span>
     <span class='ocr_line' id='line_1_16' title="bbox 294 1933 1499 2020; baseline -0.004 -21"><span class='ocrx_word' id='word_1_124' title='bbox 294 1953 340 2018; x_wconf 77' lang='grc' dir='ltr'><strong><em>ψε</em></strong></span> <span class='ocrx_word' id='word_1_125' title='bbox 361 1937 533 2018; x_wconf 71' lang='lat' dir='ltr'><strong>Mercurii.</strong></span> <span class='ocrx_word' id='word_1_126' title='bbox 576 1937 646 2000; x_wconf 88' lang='grc' dir='ltr'><strong><em>ἀλλ’</em></strong></span> <span class='ocrx_word' id='word_1_127' title='bbox 670 1933 788 2010; x_wconf 78' lang='grc' dir='ltr'><strong><em>ἐκεῖνος</em></strong></span> <span class='ocrx_word' id='word_1_128' title='bbox 808 1941 868 2017; x_wconf 80' lang='grc' dir='ltr'><strong><em>μὲν</em></strong></span> <span class='ocrx_word' id='word_1_129' title='bbox 890 1937 928 2000; x_wconf 84' lang='lat' dir='ltr'><strong><em>osi</em></strong></span> <span class='ocrx_word' id='word_1_130' title='bbox 948 1935 1078 2001; x_wconf 85' lang='grc' dir='ltr'><strong><em>κατόπιν</em></strong></span> <span class='ocrx_word' id='word_1_131' title='bbox 1100 1937 1235 2020; x_wconf 74' lang='grc' dir='ltr'><strong><em>ἐλήλυθε</em></strong></span> <span class='ocrx_word' id='word_1_132' title='bbox 1257 1935 1422 2000; x_wconf 72' lang='lat' dir='ltr'><strong>seivit-15</strong></span> <span class='ocrx_word' id='word_1_133' title='bbox 1498 2007 1499 2018; x_wconf 19' lang='grc' dir='ltr'><strong><em>η</em></strong></span> 
     </span>
     <span class='ocr_line' id='line_1_17' title="bbox 296 2029 1385 2120; baseline -0.001 -22"><span class='ocrx_word' id='word_1_134' title='bbox 296 2037 418 2116; x_wconf 87' lang='grc' dir='ltr'><strong><em>πίδων,</em></strong></span> <span class='ocrx_word' id='word_1_135' title='bbox 438 2039 561 2118; x_wconf 80' lang='grc' dir='ltr'><strong><em>μᾶλλον</em></strong></span> <span class='ocrx_word' id='word_1_136' title='bbox 583 2038 643 2116; x_wconf 83' lang='grc' dir='ltr'><strong><em>μὲν</em></strong></span> <span class='ocrx_word' id='word_1_137' title='bbox 665 2029 722 2100; x_wconf 84' lang='grc' dir='ltr'><strong><em>οάν</em></strong></span> <span class='ocrx_word' id='word_1_138' title='bbox 741 2041 799 2100; x_wconf 85' lang='grc' dir='ltr'><strong><em>καί</em></strong></span> <span class='ocrx_word' id='word_1_139' title='bbox 822 2037 903 2120; x_wconf 76' lang='grc' dir='ltr'><strong><em>ὑπὲρ</em></strong></span> <span class='ocrx_word' id='word_1_140' title='bbox 926 2038 1057 2119; x_wconf 77' lang='grc' dir='ltr'><strong><em>δόκησιν</em></strong></span> <span class='ocrx_word' id='word_1_141' title='bbox 1077 2037 1194 2120; x_wconf 79' lang='grc' dir='ltr'><strong><em>ἁβραῖς</em></strong></span> <span class='ocrx_word' id='word_1_142' title='bbox 1210 2029 1323 2110; x_wconf 81' lang='grc' dir='ltr'><strong><em>αόταῖς</em></strong></span> <span class='ocrx_word' id='word_1_143' title='bbox 1341 2036 1385 2098; x_wconf 87' lang='grc' dir='ltr'><strong><em>ε’ν-</em></strong></span> 
     </span>
     <span class='ocr_line' id='line_1_18' title="bbox 295 2129 1387 2224; baseline 0 -26"><span class='ocrx_word' id='word_1_144' title='bbox 295 2133 461 2218; x_wconf 77' lang='grc' dir='ltr'><strong><em>τετύχηκε·</em></strong></span> <span class='ocrx_word' id='word_1_145' title='bbox 506 2134 716 2220; x_wconf 82' lang='grc' dir='ltr'><strong><em>Καῖχοσρόης</em></strong></span> <span class='ocrx_word' id='word_1_146' title='bbox 735 2138 772 2200; x_wconf 77' lang='grc' dir='ltr'><strong><em>δὲ</em></strong></span> <span class='ocrx_word' id='word_1_147' title='bbox 793 2139 918 2220; x_wconf 82' lang='grc' dir='ltr'><strong><em>βραχέα</em></strong></span> <span class='ocrx_word' id='word_1_148' title='bbox 947 2129 1028 2200; x_wconf 70' lang='lat' dir='ltr'><strong>cina</strong></span> <span class='ocrx_word' id='word_1_149' title='bbox 1058 2142 1310 2224; x_wconf 73' lang='grc' dir='ltr'><strong><em>φιλοφρονηθείς</em></strong></span> <span class='ocrx_word' id='word_1_150' title='bbox 1338 2137 1387 2199; x_wconf 76' lang='grc' dir='ltr'><strong><em>κατ’</em></strong></span> 
     </span>
     <span class='ocr_line' id='line_1_19' title="bbox 294 2229 1385 2322; baseline 0 -24"><span class='ocrx_word' id='word_1_151' title='bbox 294 2239 358 2298; x_wconf 83' lang='grc' dir='ltr'><strong><em>τῶν</em></strong></span> <span class='ocrx_word' id='word_1_152' title='bbox 379 2237 413 2298; x_wconf 82' lang='grc' dir='ltr'><strong><em>ἐν</em></strong></span> <span class='ocrx_word' id='word_1_153' title='bbox 428 2237 470 2322; x_wconf 75' lang='grc' dir='ltr'><strong><em>νῷ</em></strong></span> <span class='ocrx_word' id='word_1_154' title='bbox 492 2237 562 2298; x_wconf 78' lang='grc' dir='ltr'><strong><em>οὐδ’</em></strong></span> <span class='ocrx_word' id='word_1_155' title='bbox 581 2229 655 2301; x_wconf 76' lang='grc' dir='ltr'><strong><em>ὅσον</em></strong></span> <span class='ocrx_word' id='word_1_156' title='bbox 673 2237 773 2300; x_wconf 82' lang='grc' dir='ltr'><strong><em>εἰπεῖν</em></strong></span> <span class='ocrx_word' id='word_1_157' title='bbox 792 2239 975 2318; x_wconf 80' lang='grc' dir='ltr'><strong><em>ἐνδεέστερα</em></strong></span> <span class='ocrx_word' id='word_1_158' title='bbox 991 2283 1000 2316; x_wconf 92' lang='grc'><strong>,</strong></span> <span class='ocrx_word' id='word_1_159' title='bbox 1022 2236 1103 2318; x_wconf 74' lang='grc' dir='ltr'><strong><em>μήτε</em></strong></span> <span class='ocrx_word' id='word_1_160' title='bbox 1123 2233 1277 2318; x_wconf 83' lang='grc' dir='ltr'><strong><em>σόναρσιν</em></strong></span> <span class='ocrx_word' id='word_1_161' title='bbox 1297 2235 1385 2315; x_wconf 72' lang='lat' dir='ltr'><strong>eripu-</strong></span> 
     </span>
     <span class='ocr_line' id='line_1_20' title="bbox 296 2331 1384 2418; baseline 0.002 -23"><span class='ocrx_word' id='word_1_162' title='bbox 296 2332 359 2406; x_wconf 79' lang='grc' dir='ltr'><strong><em>κάς</em></strong></span> <span class='ocrx_word' id='word_1_163' title='bbox 381 2335 437 2416; x_wconf 75' lang='grc' dir='ltr'><strong><em>τῆς</em></strong></span> <span class='ocrx_word' id='word_1_164' title='bbox 449 2332 530 2414; x_wconf 80' lang='grc' dir='ltr'><strong><em>πρός</em></strong></span> <span class='ocrx_word' id='word_1_165' title='bbox 550 2334 607 2398; x_wconf 88' lang='grc' dir='ltr'><strong><em>τόν</em></strong></span> <span class='ocrx_word' id='word_1_166' title='bbox 628 2338 812 2418; x_wconf 78' lang='grc' dir='ltr'><strong><em>κασίγνητον</em></strong></span> <span class='ocrx_word' id='word_1_167' title='bbox 833 2331 1020 2414; x_wconf 81' lang='grc' dir='ltr'><strong><em>ἀντιτόξειυς</em></strong></span> <span class='ocrx_word' id='word_1_168' title='bbox 1038 2337 1263 2416; x_wconf 82' lang='grc' dir='ltr'><strong><em>ε’πανὲκαμψεν</em></strong></span> <span class='ocrx_word' id='word_1_169' title='bbox 1278 2334 1384 2399; x_wconf 77' lang='grc' dir='ltr'><strong><em>οἴκαδε</em></strong></span> 
     </span>
     <span class='ocr_line' id='line_1_21' title="bbox 191 2431 1420 2518; baseline 0.001 -23"><span class='ocrx_word' id='word_1_170' title='bbox 191 2441 218 2495; x_wconf 83' lang='grc' dir='ltr'><strong><em>Ρ.</em></strong></span> <span class='ocrx_word' id='word_1_171' title='bbox 236 2443 286 2511; x_wconf 75' lang='lat'><strong><em>3³7</em></strong></span> <span class='ocrx_word' id='word_1_172' title='bbox 297 2431 366 2495; x_wconf 88' lang='grc' dir='ltr'><strong><em>ἀλλ’</em></strong></span> <span class='ocrx_word' id='word_1_173' title='bbox 390 2433 452 2496; x_wconf 81' lang='grc' dir='ltr'><strong><em>οάκ-</em></strong></span> <span class='ocrx_word' id='word_1_174' title='bbox 470 2431 556 2518; x_wconf 73' lang='grc' dir='ltr'><strong><em>ἔφθη</em></strong></span> <span class='ocrx_word' id='word_1_175' title='bbox 578 2439 731 2518; x_wconf 72' lang='grc' dir='ltr'><strong><em>καθαροῖς</em></strong></span> <span class='ocrx_word' id='word_1_176' title='bbox 753 2435 860 2498; x_wconf 76' lang='grc' dir='ltr'><strong><em>εἰσιών</em></strong></span> <span class='ocrx_word' id='word_1_177' title='bbox 881 2433 916 2498; x_wconf 88' lang='grc' dir='ltr'><strong><em>τό</em></strong></span> <span class='ocrx_word' id='word_1_178' title='bbox 938 2434 1073 2516; x_wconf 84' lang='grc' dir='ltr'><strong><em>Ἰκόνιον,</em></strong></span> <span class='ocrx_word' id='word_1_179' title='bbox 1095 2435 1150 2500; x_wconf 83' lang='grc' dir='ltr'><strong><em>καί</em></strong></span> <span class='ocrx_word' id='word_1_180' title='bbox 1167 2439 1224 2501; x_wconf 81' lang='grc' dir='ltr'><strong><em>τοῦ</em></strong></span> <span class='ocrx_word' id='word_1_181' title='bbox 1243 2432 1420 2516; x_wconf 67' lang='lat' dir='ltr'><strong>‘Peuma-2⁰</strong></span> 
     </span>
     <span class='ocr_line' id='line_1_22' title="bbox 297 2529 1386 2622; baseline 0 -26"><span class='ocrx_word' id='word_1_182' title='bbox 297 2535 383 2596; x_wconf 86' lang='grc' dir='ltr'><strong><em>τίνου</em></strong></span> <span class='ocrx_word' id='word_1_183' title='bbox 406 2540 474 2594; x_wconf 84' lang='grc' dir='ltr'><strong><em>κατ’</em></strong></span> <span class='ocrx_word' id='word_1_184' title='bbox 495 2533 598 2596; x_wconf 84' lang='grc' dir='ltr'><strong><em>ου’τοῦ</em></strong></span> <span class='ocrx_word' id='word_1_185' title='bbox 620 2529 761 2608; x_wconf 84' lang='grc' dir='ltr'><strong><em>ἐπιόντος</em></strong></span> <span class='ocrx_word' id='word_1_186' title='bbox 791 2536 846 2616; x_wconf 74' lang='grc' dir='ltr'><strong><em>τῆς</em></strong></span> <span class='ocrx_word' id='word_1_187' title='bbox 876 2558 910 2597; x_wconf 88' lang='grc' dir='ltr'><strong><em>τε</em></strong></span> <span class='ocrx_word' id='word_1_188' title='bbox 938 2534 1042 2618; x_wconf 82' lang='grc' dir='ltr'><strong><em>ἀρχῆς</em></strong></span> <span class='ocrx_word' id='word_1_189' title='bbox 1069 2533 1308 2622; x_wconf 79' lang='grc' dir='ltr'><strong><em>ε’κσφαιρίζεται</em></strong></span> <span class='ocrx_word' id='word_1_190' title='bbox 1339 2535 1386 2597; x_wconf 82' lang='grc' dir='ltr'><strong><em>καὶ</em></strong></span> 
     </span>
     <span class='ocr_line' id='line_1_23' title="bbox 297 2627 1384 2721; baseline 0.002 -29"><span class='ocrx_word' id='word_1_191' title='bbox 297 2627 404 2716; x_wconf 76' lang='grc' dir='ltr'><strong><em>φυγάς</em></strong></span> <span class='ocrx_word' id='word_1_192' title='bbox 425 2634 472 2704; x_wconf 87' lang='grc' dir='ltr'><strong><em>είς</em></strong></span> <span class='ocrx_word' id='word_1_193' title='bbox 493 2632 660 2712; x_wconf 81' lang='grc' dir='ltr'><strong><em>Ἀρμενίαν</em></strong></span> <span class='ocrx_word' id='word_1_194' title='bbox 680 2629 768 2714; x_wconf 81' lang='grc' dir='ltr'><strong><em>παρὰ</em></strong></span> <span class='ocrx_word' id='word_1_195' title='bbox 793 2632 943 2721; x_wconf 81' lang='grc' dir='ltr'><strong><em>Λεβοόνη</em></strong></span> <span class='ocrx_word' id='word_1_196' title='bbox 965 2637 1096 2717; x_wconf 76' lang='grc' dir='ltr'><strong><em>γίνεται.</em></strong></span> <span class='ocrx_word' id='word_1_197' title='bbox 1136 2634 1175 2701; x_wconf 85' lang='grc' dir='ltr'><strong><em>τά</em></strong></span> <span class='ocrx_word' id='word_1_198' title='bbox 1196 2637 1226 2698; x_wconf 88' lang='grc' dir='ltr'><strong><em>δ’</em></strong></span> <span class='ocrx_word' id='word_1_199' title='bbox 1246 2634 1303 2700; x_wconf 79' lang='grc' dir='ltr'><strong><em>έπί</em></strong></span> <span class='ocrx_word' id='word_1_200' title='bbox 1322 2631 1384 2698; x_wconf 80' lang='lat' dir='ltr'><strong>rosi·</strong></span> 
     </span>
     <span class='ocr_line' id='line_1_24' title="bbox 296 2722 1386 2820; baseline 0.004 -26"><span class='ocrx_word' id='word_1_201' title='bbox 296 2752 364 2804; x_wconf 87' lang='grc' dir='ltr'><strong><em>τοις</em></strong></span> <span class='ocrx_word' id='word_1_202' title='bbox 385 2729 443 2792; x_wconf 76' lang='lat' dir='ltr'><strong>osis</strong></span> <span class='ocrx_word' id='word_1_203' title='bbox 465 2728 595 2814; x_wconf 85' lang='grc' dir='ltr'><strong><em>ἀμυδρά</em></strong></span> <span class='ocrx_word' id='word_1_204' title='bbox 623 2738 684 2812; x_wconf 77' lang='grc' dir='ltr'><strong><em>μὲν</em></strong></span> <span class='ocrx_word' id='word_1_205' title='bbox 710 2731 749 2796; x_wconf 89' lang='grc' dir='ltr'><strong><em>τοὶ</em></strong></span> <span class='ocrx_word' id='word_1_206' title='bbox 778 2722 833 2816; x_wconf 72' lang='grc' dir='ltr'><strong><em>τῆς</em></strong></span> <span class='ocrx_word' id='word_1_207' title='bbox 864 2735 933 2798; x_wconf 78' lang='grc' dir='ltr'><strong><em>ἐκεῖ</em></strong></span> <span class='ocrx_word' id='word_1_208' title='bbox 963 2737 1149 2820; x_wconf 78' lang='grc' dir='ltr'><strong><em>παραδοχῆς</em></strong></span> <span class='ocrx_word' id='word_1_209' title='bbox 1180 2737 1239 2800; x_wconf 84' lang='grc' dir='ltr'><strong><em>τοῦ</em></strong></span> <span class='ocrx_word' id='word_1_210' title='bbox 1271 2729 1386 2818; x_wconf 75' lang='grc' dir='ltr'><strong><em>ἀνθρά·</em></strong></span> 
     </span>
    </p>
   </div>
   <div class='ocr_carea' id='block_1_3' title="bbox 368 2897 1387 3188">
    <p class='ocr_par' dir='ltr' id='par_1_3' title="bbox 368 2897 1387 3188">
     <span class='ocr_line' id='line_1_25' title="bbox 373 2897 1387 2973; baseline 0.002 -23"><span class='ocrx_word' id='word_1_211' title='bbox 373 2917 412 2969; x_wconf 63' lang='grc' dir='ltr'><strong><em>ιη</em></strong></span> <span class='ocrx_word' id='word_1_212' title='bbox 431 2907 494 2968; x_wconf 84' lang='lat' dir='ltr'><strong>post</strong></span> <span class='ocrx_word' id='word_1_213' title='bbox 511 2897 610 2952; x_wconf 79' lang='grc' dir='ltr'><strong><em>οἴκαδε</em></strong></span> <span class='ocrx_word' id='word_1_214' title='bbox 628 2917 689 2952; x_wconf 86' lang='lat' dir='ltr'><strong>cum</strong></span> <span class='ocrx_word' id='word_1_215' title='bbox 706 2901 748 2953; x_wconf 77' lang='lat' dir='ltr'><strong>tn</strong></span> <span class='ocrx_word' id='word_1_216' title='bbox 766 2901 845 2952; x_wconf 85' lang='lat' dir='ltr'><strong>omisi</strong></span> <span class='ocrx_word' id='word_1_217' title='bbox 867 2919 938 2972; x_wconf 89' lang='lat' dir='ltr'><strong>quae</strong></span> <span class='ocrx_word' id='word_1_218' title='bbox 956 2903 1036 2973; x_wconf 79' lang='lat' dir='ltr'><strong>vulgo</strong></span> <span class='ocrx_word' id='word_1_219' title='bbox 1051 2903 1173 2965; x_wconf 84' lang='lat' dir='ltr'><strong>addunt,</strong></span> <span class='ocrx_word' id='word_1_220' title='bbox 1192 2904 1280 2957; x_wconf 75' lang='lat' dir='ltr'><strong>aurire</strong></span> <span class='ocrx_word' id='word_1_221' title='bbox 1298 2903 1328 2957; x_wconf 82' lang='lat' dir='ltr'><strong><em>(ll</em></strong></span> <span class='ocrx_word' id='word_1_222' title='bbox 1345 2903 1387 2954; x_wconf 77' lang='lat' dir='ltr'><strong><em>rel</em></strong></span> 
     </span>
     <span class='ocr_line' id='line_1_26' title="bbox 368 2960 1387 3048; baseline 0.002 -26"><span class='ocrx_word' id='word_1_223' title='bbox 368 2960 527 3022; x_wconf 79' lang='grc' dir='ltr'><strong><em>δΜιιυοδτ</em></strong></span> <span class='ocrx_word' id='word_1_224' title='bbox 548 2973 681 3024; x_wconf 68' lang='lat' dir='ltr'><strong>rucuma</strong></span> <span class='ocrx_word' id='word_1_225' title='bbox 700 2977 866 3038; x_wconf 81' lang='grc' dir='ltr'><strong><em>πεποίηκεν.</em></strong></span> <span class='ocrx_word' id='word_1_226' title='bbox 938 2989 981 3026; x_wconf 82' lang='lat' dir='ltr'><strong>ao.</strong></span> <span class='ocrx_word' id='word_1_227' title='bbox 1003 2975 1057 3026; x_wconf 82' lang='grc' dir='ltr'><strong><em>οδκ</em></strong></span> <span class='ocrx_word' id='word_1_228' title='bbox 1075 2973 1162 3048; x_wconf 75' lang='grc' dir='ltr'><strong><em>ἔφθη]</em></strong></span> <span class='ocrx_word' id='word_1_229' title='bbox 1180 2974 1269 3046; x_wconf 67' lang='grc' dir='ltr'><strong><em>μέντοι</em></strong></span> <span class='ocrx_word' id='word_1_230' title='bbox 1295 2974 1325 3028; x_wconf 77' lang='lat' dir='ltr'><strong><em>at</em></strong></span> <span class='ocrx_word' id='word_1_231' title='bbox 1343 2992 1387 3024; x_wconf 81' lang='lat' dir='ltr'><strong><em>ss·</em></strong></span> 
     </span>
     <span class='ocr_line' id='line_1_27' title="bbox 369 3034 1385 3118; baseline 0.004 -28"><span class='ocrx_word' id='word_1_232' title='bbox 369 3042 423 3097; x_wconf 71' lang='grc' dir='ltr'><strong><em>λοῖς</em></strong></span> <span class='ocrx_word' id='word_1_233' title='bbox 441 3043 482 3098; x_wconf 72' lang='grc' dir='ltr'><strong><em>εἰς</em></strong></span> <span class='ocrx_word' id='word_1_234' title='bbox 502 3034 534 3093; x_wconf 85' lang='grc' dir='ltr'><strong><em>τό</em></strong></span> <span class='ocrx_word' id='word_1_235' title='bbox 559 3042 671 3095; x_wconf 79' lang='grc' dir='ltr'><strong><em>ίκάντον</em></strong></span> <span class='ocrx_word' id='word_1_236' title='bbox 692 3043 785 3095; x_wconf 81' lang='grc' dir='ltr'><strong><em>αάτοῦ</em></strong></span> <span class='ocrx_word' id='word_1_237' title='bbox 805 3045 987 3102; x_wconf 69' lang='grc' dir='ltr'><strong><em>εἰσελθόντος</em></strong></span> <span class='ocrx_word' id='word_1_238' title='bbox 1005 3047 1034 3096; x_wconf 85' lang='grc' dir='ltr'><strong><em>Α.</em></strong></span> <span class='ocrx_word' id='word_1_239' title='bbox 1118 3063 1161 3096; x_wconf 76' lang='lat' dir='ltr'><strong>ar.</strong></span> <span class='ocrx_word' id='word_1_240' title='bbox 1183 3049 1232 3096; x_wconf 77' lang='grc' dir='ltr'><strong><em>καὶ</em></strong></span> <span class='ocrx_word' id='word_1_241' title='bbox 1250 3041 1385 3118; x_wconf 72' lang='lat' dir='ltr'><strong>(puysifll</strong></span> 
     </span>
     <span class='ocr_line' id='line_1_28' title="bbox 369 3107 1299 3188; baseline 0.003 -24"><span class='ocrx_word' id='word_1_242' title='bbox 369 3109 401 3165; x_wconf 77' lang='grc' dir='ltr'><strong><em>δὲ</em></strong></span> <span class='ocrx_word' id='word_1_243' title='bbox 421 3107 496 3187; x_wconf 76' lang='grc' dir='ltr'><strong><em>πρός</em></strong></span> <span class='ocrx_word' id='word_1_244' title='bbox 513 3109 566 3166; x_wconf 83' lang='grc' dir='ltr'><strong><em>τόν</em></strong></span> <span class='ocrx_word' id='word_1_245' title='bbox 583 3113 661 3186; x_wconf 69' lang='grc' dir='ltr'><strong><em>(λίγα</em></strong></span> <span class='ocrx_word' id='word_1_246' title='bbox 678 3113 817 3186; x_wconf 81' lang='grc' dir='ltr'><strong><em>ἀρμενίυς</em></strong></span> <span class='ocrx_word' id='word_1_247' title='bbox 837 3109 889 3169; x_wconf 82' lang='grc' dir='ltr'><strong><em>τόν</em></strong></span> <span class='ocrx_word' id='word_1_248' title='bbox 907 3115 1043 3183; x_wconf 66' lang='lat' dir='ltr'><strong>trusam</strong></span> <span class='ocrx_word' id='word_1_249' title='bbox 1058 3119 1252 3188; x_wconf 80' lang='grc' dir='ltr'><strong><em>παραγίνεται</em></strong></span> <span class='ocrx_word' id='word_1_250' title='bbox 1270 3118 1299 3168; x_wconf 88' lang='grc' dir='ltr'><strong><em>Β.</em></strong></span> 
     </span>
    </p>
   </div>
   <div class='ocr_carea' id='block_1_4' title="bbox 270 3251 1397 4274">
    <p class='ocr_par' dir='ltr' id='par_1_4' title="bbox 270 3251 1397 4274">
     <span class='ocr_line' id='line_1_29' title="bbox 300 3251 1389 3336; baseline 0.004 -23"><span class='ocrx_word' id='word_1_251' title='bbox 300 3263 403 3327; x_wconf 85' lang='lat' dir='ltr'><strong>Iconii,</strong></span> <span class='ocrx_word' id='word_1_252' title='bbox 424 3271 456 3315; x_wconf 88' lang='lat' dir='ltr'><strong>ut</strong></span> <span class='ocrx_word' id='word_1_253' title='bbox 472 3271 604 3333; x_wconf 83' lang='lat' dir='ltr'><strong>pateruae</strong></span> <span class='ocrx_word' id='word_1_254' title='bbox 622 3265 707 3328; x_wconf 74' lang='lat' dir='ltr'><strong>seclis,</strong></span> <span class='ocrx_word' id='word_1_255' title='bbox 727 3265 857 3335; x_wconf 82' lang='lat' dir='ltr'>potiundi</span> <span class='ocrx_word' id='word_1_256' title='bbox 875 3267 1000 3336; x_wconf 84' lang='lat' dir='ltr'><strong>cupidus,</strong></span> <span class='ocrx_word' id='word_1_257' title='bbox 1020 3275 1048 3320; x_wconf 83' lang='lat' dir='ltr'><strong><em>et</em></strong></span> <span class='ocrx_word' id='word_1_258' title='bbox 1067 3268 1145 3321; x_wconf 88' lang='lat' dir='ltr'><strong>illum</strong></span> <span class='ocrx_word' id='word_1_259' title='bbox 1164 3251 1196 3320; x_wconf 76' lang='lat' dir='ltr'><strong>rit</strong></span> <span class='ocrx_word' id='word_1_260' title='bbox 1212 3276 1302 3322; x_wconf 84' lang='lat' dir='ltr'><strong>matre</strong></span> <span class='ocrx_word' id='word_1_261' title='bbox 1321 3267 1389 3320; x_wconf 87' lang='lat' dir='ltr'><strong>Chri-</strong></span> 
     </span>
     <span class='ocr_line' id='line_1_30' title="bbox 302 3335 1390 3408; baseline 0.006 -24"><span class='ocrx_word' id='word_1_262' title='bbox 302 3335 393 3385; x_wconf 84' lang='lat' dir='ltr'><strong>stiana</strong></span> <span class='ocrx_word' id='word_1_263' title='bbox 412 3335 535 3402; x_wconf 82' lang='lat' dir='ltr'><strong>genitum</strong></span> <span class='ocrx_word' id='word_1_264' title='bbox 554 3335 619 3387; x_wconf 84' lang='lat' dir='ltr'><strong>odio</strong></span> <span class='ocrx_word' id='word_1_265' title='bbox 638 3353 816 3406; x_wconf 84' lang='lat' dir='ltr'><strong>prosequens.</strong></span> <span class='ocrx_word' id='word_1_266' title='bbox 836 3339 1006 3408; x_wconf 75' lang='lat' dir='ltr'><strong>perlegales</strong></span> <span class='ocrx_word' id='word_1_267' title='bbox 1026 3340 1109 3408; x_wconf 78' lang='lat' dir='ltr'><strong>igitur</strong></span> <span class='ocrx_word' id='word_1_268' title='bbox 1127 3340 1237 3392; x_wconf 83' lang='lat' dir='ltr'><strong>fratrem</strong></span> <span class='ocrx_word' id='word_1_269' title='bbox 1256 3349 1350 3392; x_wconf 88' lang='lat' dir='ltr'><strong>monet</strong></span> <span class='ocrx_word' id='word_1_270' title='bbox 1364 3345 1390 3386; x_wconf 80' lang='lat' dir='ltr'><strong><em>ul</em></strong></span> 
     </span>
     <span class='ocr_line' id='line_1_31' title="bbox 302 3405 1389 3478; baseline 0.002 -22"><span class='ocrx_word' id='word_1_271' title='bbox 302 3405 357 3456; x_wconf 87' lang='lat' dir='ltr'><strong>sihi</strong></span> <span class='ocrx_word' id='word_1_272' title='bbox 386 3407 480 3458; x_wconf 86' lang='lat' dir='ltr'><strong>Iconio</strong></span> <span class='ocrx_word' id='word_1_273' title='bbox 510 3407 590 3459; x_wconf 78' lang='lat' dir='ltr'><strong>cerlat</strong></span> <span class='ocrx_word' id='word_1_274' title='bbox 620 3415 649 3459; x_wconf 87' lang='lat' dir='ltr'><strong><em>et</em></strong></span> <span class='ocrx_word' id='word_1_275' title='bbox 680 3415 740 3458; x_wconf 90' lang='lat' dir='ltr'><strong>toto</strong></span> <span class='ocrx_word' id='word_1_276' title='bbox 774 3409 930 3478; x_wconf 88' lang='lat' dir='ltr'><strong>principatu</strong></span> <span class='ocrx_word' id='word_1_277' title='bbox 959 3409 1089 3472; x_wconf 77' lang='lat' dir='ltr'><strong><em>excedat,</em></strong></span> <span class='ocrx_word' id='word_1_278' title='bbox 1119 3411 1142 3462; x_wconf 87' lang='lat' dir='ltr'><strong><em>si</em></strong></span> <span class='ocrx_word' id='word_1_279' title='bbox 1173 3418 1201 3461; x_wconf 81' lang='lat' dir='ltr'><strong><em>et</em></strong></span> <span class='ocrx_word' id='word_1_280' title='bbox 1227 3411 1312 3464; x_wconf 86' lang='lat' dir='ltr'><strong>saluti</strong></span> <span class='ocrx_word' id='word_1_281' title='bbox 1333 3423 1389 3462; x_wconf 82' lang='lat' dir='ltr'><strong>suae</strong></span> 
     </span>
     <span class='ocr_line' id='line_1_32' title="bbox 303 3476 1391 3535; baseline 0.003 -10"><span class='ocrx_word' id='word_1_282' title='bbox 303 3484 332 3527; x_wconf 83' lang='lat' dir='ltr'><strong><em>et</em></strong></span> <span class='ocrx_word' id='word_1_283' title='bbox 350 3476 534 3528; x_wconf 81' lang='lat' dir='ltr'><strong>subiectarum</strong></span> <span class='ocrx_word' id='word_1_284' title='bbox 560 3479 703 3530; x_wconf 84' lang='lat' dir='ltr'><strong>civitatum</strong></span> <span class='ocrx_word' id='word_1_285' title='bbox 720 3479 907 3532; x_wconf 77' lang='lat' dir='ltr'><strong>incolumitati</strong></span> <span class='ocrx_word' id='word_1_286' title='bbox 934 3481 1089 3532; x_wconf 88' lang='lat' dir='ltr'><strong>consultum</strong></span> <span class='ocrx_word' id='word_1_287' title='bbox 1117 3481 1193 3534; x_wconf 86' lang='lat' dir='ltr'><strong>velit.</strong></span> <span class='ocrx_word' id='word_1_288' title='bbox 1220 3491 1316 3535; x_wconf 86' lang='lat' dir='ltr'><strong>tantus</strong></span> <span class='ocrx_word' id='word_1_289' title='bbox 1340 3485 1391 3532; x_wconf 82' lang='lat' dir='ltr'><strong>erat</strong></span> 
     </span>
     <span class='ocr_line' id='line_1_33' title="bbox 303 3539 1390 3623; baseline 0.004 -28"><span class='ocrx_word' id='word_1_290' title='bbox 303 3545 403 3608; x_wconf 83' lang='lat' dir='ltr'><strong>fastus,</strong></span> <span class='ocrx_word' id='word_1_291' title='bbox 425 3553 480 3599; x_wconf 85' lang='lat' dir='ltr'><strong><em>tam</em></strong></span> <span class='ocrx_word' id='word_1_292' title='bbox 501 3539 627 3600; x_wconf 81' lang='lat' dir='ltr'><strong>immanis</strong></span> <span class='ocrx_word' id='word_1_293' title='bbox 645 3551 800 3617; x_wconf 75' lang='lat' dir='ltr'><strong>arrogantia</strong></span> <span class='ocrx_word' id='word_1_294' title='bbox 819 3551 944 3612; x_wconf 78' lang='lat' dir='ltr'><strong>barbari,</strong></span> <span class='ocrx_word' id='word_1_295' title='bbox 963 3561 992 3603; x_wconf 87' lang='lat' dir='ltr'><strong><em>et</em></strong></span> <span class='ocrx_word' id='word_1_296' title='bbox 1015 3553 1192 3622; x_wconf 77' lang='lat' dir='ltr'><strong>supercilium</strong></span> <span class='ocrx_word' id='word_1_297' title='bbox 1212 3571 1295 3623; x_wconf 86' lang='lat' dir='ltr'><strong>supra</strong></span> <span class='ocrx_word' id='word_1_298' title='bbox 1313 3553 1390 3604; x_wconf 85' lang='lat' dir='ltr'><strong>nubes</strong></span> 
     </span>
     <span class='ocr_line' id='line_1_34' title="bbox 304 3620 1392 3694; baseline 0.004 -28"><span class='ocrx_word' id='word_1_299' title='bbox 304 3625 454 3682; x_wconf 80' lang='lat' dir='ltr'><strong>arrectum3</strong></span> <span class='ocrx_word' id='word_1_300' title='bbox 473 3620 512 3671; x_wconf 88' lang='lat' dir='ltr'><strong><em>ita</em></strong></span> <span class='ocrx_word' id='word_1_301' title='bbox 531 3621 643 3671; x_wconf 77' lang='lat' dir='ltr'><strong>exitiale</strong></span> <span class='ocrx_word' id='word_1_302' title='bbox 660 3636 797 3672; x_wconf 80' lang='lat' dir='ltr'><strong>venenum</strong></span> <span class='ocrx_word' id='word_1_303' title='bbox 818 3621 873 3672; x_wconf 90' lang='lat' dir='ltr'><strong>late</strong></span> <span class='ocrx_word' id='word_1_304' title='bbox 893 3621 1105 3676; x_wconf 82' lang='lat' dir='ltr'><strong>diffundebatur.</strong></span> <span class='ocrx_word' id='word_1_305' title='bbox 1124 3641 1209 3694; x_wconf 80' lang='lat' dir='ltr'><strong>quare</strong></span> <span class='ocrx_word' id='word_1_306' title='bbox 1221 3625 1392 3677; x_wconf 83' lang='lat' dir='ltr'><strong>Calchosrors</strong></span> 
     </span>
     <span class='ocr_line' id='line_1_35' title="bbox 305 3686 1392 3764; baseline 0.005 -27"><span class='ocrx_word' id='word_1_307' title='bbox 305 3686 384 3737; x_wconf 82' lang='lat' dir='ltr'><strong>lactis</strong></span> <span class='ocrx_word' id='word_1_308' title='bbox 403 3687 537 3752; x_wconf 84' lang='lat' dir='ltr'><strong>induciis,</strong></span> <span class='ocrx_word' id='word_1_309' title='bbox 568 3700 674 3760; x_wconf 86' lang='lat' dir='ltr'><strong>patrem</strong></span> <span class='ocrx_word' id='word_1_310' title='bbox 699 3709 778 3742; x_wconf 88' lang='lat' dir='ltr'><strong>suum</strong></span> <span class='ocrx_word' id='word_1_311' title='bbox 805 3693 943 3755; x_wconf 82' lang='lat' dir='ltr'><strong>imitatus,</strong></span> <span class='ocrx_word' id='word_1_312' title='bbox 976 3695 1167 3764; x_wconf 76' lang='lat' dir='ltr'><strong>imperatorem</strong></span> <span class='ocrx_word' id='word_1_313' title='bbox 1195 3694 1266 3748; x_wconf 86' lang='lat' dir='ltr'><strong>adit.</strong></span> <span class='ocrx_word' id='word_1_314' title='bbox 1294 3713 1355 3748; x_wconf 87' lang='lat' dir='ltr'><strong><em>uam</em></strong></span> <span class='ocrx_word' id='word_1_315' title='bbox 1373 3692 1392 3742; x_wconf 83' lang='lat' dir='ltr'><strong><em>is</em></strong></span> 
     </span>
     <span class='ocr_line' id='line_1_36' title="bbox 305 3762 1393 3835; baseline 0.006 -26"><span class='ocrx_word' id='word_1_316' title='bbox 305 3773 416 3826; x_wconf 87' lang='lat' dir='ltr'><strong>quoque</strong></span> <span class='ocrx_word' id='word_1_317' title='bbox 434 3763 537 3813; x_wconf 84' lang='lat' dir='ltr'><strong>mutuis</strong></span> <span class='ocrx_word' id='word_1_318' title='bbox 556 3762 665 3814; x_wconf 84' lang='lat' dir='ltr'><strong>iniuriis</strong></span> <span class='ocrx_word' id='word_1_319' title='bbox 682 3779 744 3813; x_wconf 89' lang='lat' dir='ltr'><strong>cum</strong></span> <span class='ocrx_word' id='word_1_320' title='bbox 765 3762 895 3814; x_wconf 81' lang='lat' dir='ltr'><strong>fratribus</strong></span> <span class='ocrx_word' id='word_1_321' title='bbox 914 3763 970 3816; x_wconf 85' lang='lat' dir='ltr'><strong>suis</strong></span> <span class='ocrx_word' id='word_1_322' title='bbox 989 3774 1095 3818; x_wconf 84' lang='lat' dir='ltr'><strong>certans</strong></span> <span class='ocrx_word' id='word_1_323' title='bbox 1114 3774 1177 3835; x_wconf 87' lang='lat' dir='ltr'><strong>post</strong></span> <span class='ocrx_word' id='word_1_324' title='bbox 1194 3765 1297 3818; x_wconf 81' lang='lat' dir='ltr'><strong>Masuti</strong></span> <span class='ocrx_word' id='word_1_325' title='bbox 1317 3763 1393 3834; x_wconf 80' lang='lat' dir='ltr'><strong>patris</strong></span> 
     </span>
     <span class='ocr_line' id='line_1_37' title="bbox 305 3827 1393 3902; baseline 0.005 -24"><span class='ocrx_word' id='word_1_326' title='bbox 305 3827 413 3878; x_wconf 83' lang='lat' dir='ltr'><strong>obitum</strong></span> <span class='ocrx_word' id='word_1_327' title='bbox 441 3829 476 3881; x_wconf 81' lang='lat' dir='ltr'><strong>ad</strong></span> <span class='ocrx_word' id='word_1_328' title='bbox 500 3833 691 3902; x_wconf 81' lang='lat' dir='ltr'><strong>imperatorem</strong></span> <span class='ocrx_word' id='word_1_329' title='bbox 711 3833 868 3886; x_wconf 85' lang='lat' dir='ltr'><strong>Mauuelem</strong></span> <span class='ocrx_word' id='word_1_330' title='bbox 893 3845 924 3888; x_wconf 91' lang='lat' dir='ltr'><strong>ut</strong></span> <span class='ocrx_word' id='word_1_331' title='bbox 947 3852 1050 3888; x_wconf 81' lang='lat' dir='ltr'><strong>sacram</strong></span> <span class='ocrx_word' id='word_1_332' title='bbox 1071 3855 1196 3890; x_wconf 85' lang='lat' dir='ltr'><strong>ancoram</strong></span> <span class='ocrx_word' id='word_1_333' title='bbox 1225 3845 1254 3888; x_wconf 88' lang='lat' dir='ltr'><strong><em>et</em></strong></span> <span class='ocrx_word' id='word_1_334' title='bbox 1281 3835 1393 3888; x_wconf 84' lang='lat' dir='ltr'><strong>salutare</strong></span> 
     </span>
     <span class='ocr_line' id='line_1_38' title="bbox 304 3899 1395 3974; baseline 0.01 -26"><span class='ocrx_word' id='word_1_335' title='bbox 304 3899 473 3969; x_wconf 85' lang='lat' dir='ltr'><strong>praesidium</strong></span> <span class='ocrx_word' id='word_1_336' title='bbox 488 3905 617 3970; x_wconf 74' lang='lat' dir='ltr'><strong>confugit</strong></span> <span class='ocrx_word' id='word_1_337' title='bbox 636 3921 730 3956; x_wconf 84' lang='lat' dir='ltr'><strong>verum</strong></span> <span class='ocrx_word' id='word_1_338' title='bbox 749 3905 827 3956; x_wconf 86' lang='lat' dir='ltr'><strong>illum</strong></span> <span class='ocrx_word' id='word_1_339' title='bbox 845 3921 907 3974; x_wconf 81' lang='lat' dir='ltr'><strong>spes</strong></span> <span class='ocrx_word' id='word_1_340' title='bbox 925 3923 974 3958; x_wconf 84' lang='lat' dir='ltr'><strong><em>rua</em></strong></span> <span class='ocrx_word' id='word_1_341' title='bbox 992 3907 1061 3958; x_wconf 88' lang='lat' dir='ltr'><strong>adeo</strong></span> <span class='ocrx_word' id='word_1_342' title='bbox 1080 3925 1136 3960; x_wconf 89' lang='lat' dir='ltr'><strong><em>uon</em></strong></span> <span class='ocrx_word' id='word_1_343' title='bbox 1156 3909 1286 3960; x_wconf 79' lang='lat' dir='ltr'><strong>frustrata</strong></span> <span class='ocrx_word' id='word_1_344' title='bbox 1306 3916 1356 3968; x_wconf 78' lang='lat' dir='ltr'><strong>est,</strong></span> <span class='ocrx_word' id='word_1_345' title='bbox 1368 3911 1395 3954; x_wconf 82' lang='lat' dir='ltr'><strong>ut</strong></span> 
     </span>
     <span class='ocr_line' id='line_1_39' title="bbox 306 3971 1395 4048; baseline 0.006 -28"><span class='ocrx_word' id='word_1_346' title='bbox 306 3971 390 4022; x_wconf 81' lang='lat' dir='ltr'><strong>etiam</strong></span> <span class='ocrx_word' id='word_1_347' title='bbox 410 3984 457 4040; x_wconf 88' lang='lat' dir='ltr'><strong><em>spe</em></strong></span> <span class='ocrx_word' id='word_1_348' title='bbox 480 3975 612 4044; x_wconf 84' lang='lat' dir='ltr'><strong>ampliora</strong></span> <span class='ocrx_word' id='word_1_349' title='bbox 631 3975 717 4027; x_wconf 85' lang='lat' dir='ltr'><strong>luerit</strong></span> <span class='ocrx_word' id='word_1_350' title='bbox 732 3985 909 4028; x_wconf 84' lang='lat' dir='ltr'><strong>consecutus:</strong></span> <span class='ocrx_word' id='word_1_351' title='bbox 932 3977 1109 4032; x_wconf 81' lang='lat' dir='ltr'><strong>Culchosroes</strong></span> <span class='ocrx_word' id='word_1_352' title='bbox 1134 3995 1198 4030; x_wconf 81' lang='lat' dir='ltr'><strong>vero</strong></span> <span class='ocrx_word' id='word_1_353' title='bbox 1221 3995 1333 4048; x_wconf 84' lang='lat' dir='ltr'><strong>parvam</strong></span> <span class='ocrx_word' id='word_1_354' title='bbox 1352 3977 1395 4027; x_wconf 84' lang='lat' dir='ltr'><strong>be·</strong></span> 
     </span>
     <span class='ocr_line' id='line_1_40' title="bbox 305 4042 1396 4118; baseline 0.011 -26"><span class='ocrx_word' id='word_1_355' title='bbox 305 4042 469 4110; x_wconf 80' lang='lat' dir='ltr'><strong>nignitatem</strong></span> <span class='ocrx_word' id='word_1_356' title='bbox 488 4055 517 4097; x_wconf 85' lang='lat' dir='ltr'><strong><em>et</em></strong></span> <span class='ocrx_word' id='word_1_357' title='bbox 535 4047 642 4097; x_wconf 84' lang='lat' dir='ltr'><strong>infinito</strong></span> <span class='ocrx_word' id='word_1_358' title='bbox 661 4046 807 4098; x_wconf 84' lang='lat' dir='ltr'><strong>intervallo</strong></span> <span class='ocrx_word' id='word_1_359' title='bbox 824 4050 1016 4116; x_wconf 80' lang='lat' dir='ltr'><strong>expectatione</strong></span> <span class='ocrx_word' id='word_1_360' title='bbox 1035 4067 1084 4102; x_wconf 85' lang='lat' dir='ltr'><strong>sua</strong></span> <span class='ocrx_word' id='word_1_361' title='bbox 1104 4050 1236 4102; x_wconf 87' lang='lat' dir='ltr'><strong>minorem</strong></span> <span class='ocrx_word' id='word_1_362' title='bbox 1256 4055 1396 4118; x_wconf 75' lang='lat' dir='ltr'><strong>expertus·</strong></span> 
     </span>
     <span class='ocr_line' id='line_1_41' title="bbox 305 4114 1397 4186; baseline 0.005 -23"><span class='ocrx_word' id='word_1_363' title='bbox 305 4129 358 4164; x_wconf 86' lang='lat' dir='ltr'><strong><em>nec</em></strong></span> <span class='ocrx_word' id='word_1_364' title='bbox 376 4114 528 4186; x_wconf 78' lang='lat' dir='ltr'><strong>impetratis</strong></span> <span class='ocrx_word' id='word_1_365' title='bbox 549 4124 644 4168; x_wconf 85' lang='lat' dir='ltr'><strong>contra</strong></span> <span class='ocrx_word' id='word_1_366' title='bbox 673 4117 786 4173; x_wconf 79' lang='lat' dir='ltr'><strong>fratrem</strong></span> <span class='ocrx_word' id='word_1_367' title='bbox 807 4119 932 4182; x_wconf 73' lang='lat' dir='ltr'><strong>auxiliis,</strong></span> <span class='ocrx_word' id='word_1_368' title='bbox 963 4119 1073 4174; x_wconf 89' lang='lat' dir='ltr'><strong>domum</strong></span> <span class='ocrx_word' id='word_1_369' title='bbox 1099 4121 1190 4174; x_wconf 81' lang='lat' dir='ltr'><strong>rediit</strong></span> <span class='ocrx_word' id='word_1_370' title='bbox 1216 4119 1263 4172; x_wconf 86' lang='lat' dir='ltr'><strong><em>sed</em></strong></span> <span class='ocrx_word' id='word_1_371' title='bbox 1285 4119 1397 4170; x_wconf 83' lang='lat' dir='ltr'><strong>vixdum</strong></span> 
     </span>
     <span class='ocr_line' id='line_1_42' title="bbox 270 4185 1397 4274; baseline 0.002 -38"><span class='ocrx_word' id='word_1_372' title='bbox 270 4247 278 4262; x_wconf 83' lang='lat'><strong>.</strong></span> <span class='ocrx_word' id='word_1_373' title='bbox 305 4185 430 4236; x_wconf 86' lang='lat' dir='ltr'><strong>Iconium</strong></span> <span class='ocrx_word' id='word_1_374' title='bbox 448 4188 584 4254; x_wconf 75' lang='lat' dir='ltr'><strong>ingrersus</strong></span> <span class='ocrx_word' id='word_1_375' title='bbox 609 4205 625 4238; x_wconf 88' lang='lat' dir='ltr'><strong>a</strong></span> <span class='ocrx_word' id='word_1_376' title='bbox 642 4188 790 4242; x_wconf 76' lang='lat' dir='ltr'><strong>Ructatino</strong></span> <span class='ocrx_word' id='word_1_377' title='bbox 811 4190 989 4274; x_wconf 73' lang='lat' dir='ltr'><strong>opprimitur5</strong></span> <span class='ocrx_word' id='word_1_378' title='bbox 1017 4200 1046 4244; x_wconf 89' lang='lat' dir='ltr'><strong><em>et</em></strong></span> <span class='ocrx_word' id='word_1_379' title='bbox 1062 4193 1152 4263; x_wconf 86' lang='lat' dir='ltr'><strong>patria</strong></span> <span class='ocrx_word' id='word_1_380' title='bbox 1170 4191 1262 4262; x_wconf 85' lang='lat' dir='ltr'><strong>pulsus</strong></span> <span class='ocrx_word' id='word_1_381' title='bbox 1288 4188 1327 4240; x_wconf 73' lang='lat' dir='ltr'><strong>acl</strong></span> <span class='ocrx_word' id='word_1_382' title='bbox 1351 4189 1397 4240; x_wconf 84' lang='lat' dir='ltr'><strong><em>Le·</em></strong></span> 
     </span>
    </p>
   </div>
   <div class='ocr_carea' id='block_1_5' title="bbox 305 4253 1398 4362">
    <p class='ocr_par' dir='ltr' id='par_1_5' title="bbox 305 4253 1398 4362">
     <span class='ocr_line' id='line_1_43' title="bbox 305 4253 1398 4362; baseline 0.005 -55"><span class='ocrx_word' id='word_1_383' title='bbox 305 4253 413 4362; x_wconf 53' lang='lat' dir='ltr'><strong>buneup</strong></span> <span class='ocrx_word' id='word_1_384' title='bbox 428 4257 458 4310; x_wconf 91' lang='lat' dir='ltr'><strong><em>in</em></strong></span> <span class='ocrx_word' id='word_1_385' title='bbox 477 4257 631 4314; x_wconf 78' lang='lat' dir='ltr'><strong>Armeniam</strong></span> <span class='ocrx_word' id='word_1_386' title='bbox 650 4260 790 4330; x_wconf 71' lang='lat' dir='ltr'><strong>confugit,</strong></span> <span class='ocrx_word' id='word_1_387' title='bbox 809 4261 859 4314; x_wconf 81' lang='lat' dir='ltr'><strong>ubt</strong></span> <span class='ocrx_word' id='word_1_388' title='bbox 883 4261 1040 4320; x_wconf 81' lang='lat' dir='ltr'><strong>humaniter</strong></span> <span class='ocrx_word' id='word_1_389' title='bbox 1065 4271 1094 4317; x_wconf 83' lang='lat' dir='ltr'><strong><em>et</em></strong></span> <span class='ocrx_word' id='word_1_390' title='bbox 1110 4259 1255 4336; x_wconf 83' lang='lat' dir='ltr'><strong>splendide</strong></span> <span class='ocrx_word' id='word_1_391' title='bbox 1274 4269 1321 4314; x_wconf 81' lang='lat' dir='ltr'><strong><em>est</em></strong></span> <span class='ocrx_word' id='word_1_392' title='bbox 1343 4275 1398 4315; x_wconf 84' lang='lat' dir='ltr'><strong>sus-</strong></span> 
     </span>
    </p>
   </div>
   <div class='ocr_carea' id='block_1_6' title="bbox 0 0 1529 4892">
    <p class='ocr_par' dir='ltr' id='par_1_6' title="bbox 0 0 1529 4892">
     <span class='ocr_line' id='line_1_44' title="bbox 0 0 1529 4892; baseline 0 0"><span class='ocrx_word' id='word_1_393' title='bbox 0 0 1529 4892; x_wconf 95' lang='lat' dir='ltr'><strong><em> </em></strong></span> 
     </span>
    </p>
   </div>
  </div>
 </body>
</html>
