3017 4892
224 111 266 186 P.
289 115 364 196 523,
381 135 432 178 ar.
472 111 548 188 τούς
570 109 795 196 ἓτεροστόμονς
818 117 956 189 πελέκεις
976 112 1156 204 ἀνέχουσιν]
1190 117 1226 184 τὸ

125 197 262 279 ἕτερον,
284 210 320 261 ut
342 221 433 282 supra
454 201 544 260 etiam
566 203 681 276 monui,
704 203 735 260 in
760 203 976 282 compositione
1004 203 1066 266 lere
1096 203 1226 268 alterum

124 305 147 343 e
172 281 301 343 duobus
324 284 495 366 signifieat,
525 294 561 342 ut
580 277 816 364 ἑτερόφθαλμος
839 281 948 349 cocles.
977 283 1025 344 hic
1055 307 1115 368 pro
1141 291 1227 352 anei·

123 367 197 446 pita
223 365 423 447 verti‚‚quod
445 364 615 448 intelligere
637 366 759 426 videtur
772 369 992 450 hellempumas.
1017 367 1128 449 siquis
1149 393 1225 432 vero

123 447 313 529 purtisonas
339 449 505 532 intelligere
527 447 668 522 meruli,
701 471 764 508 non
786 450 928 531 impcdi0.
968 445 1002 509 τὸ
1021 443 1226 532 irredemptos

125 540 220 590 certe
242 534 363 592 nonnisi
384 553 440 613 per
461 532 603 631 embapes
623 533 763 592 molestas
782 537 908 614 proprio
929 533 1141 614 explicabitur.

224 612 264 673 P.
285 613 358 690 328,
387 637 432 676 rr.
474 613 507 685 ἐς
528 635 644 693 yararu
665 610 721 674 καί
748 612 910 696 γλουτούς]
932 612 1086 694 γλουτοὺς
1108 617 1227 680 videtur

128 691 188 794 hie
211 715 325 775 ponere
343 720 408 760 non
429 719 489 781 pro
512 698 663 779 clunibus,
685 697 738 758 sed
759 721 820 782 pro
838 701 930 782 suris,
950 695 1022 760 c’rri
1038 719 1228 780 γαστροκνη-

39 845 42 859 .
127 775 251 856 μιδων.

224 861 265 922 P.
291 863 375 946 357,
408 863 457 945 14.
500 862 577 924 elter
608 861 697 946 plura
725 864 859 946 periuria
892 864 1000 926 tribuit
1029 863 1327 944 Andronico,V.351

131 937 223 1004 alter
243 945 409 1009 factionem
429 949 494 1009 eius
513 947 618 1008 eodem
642 948 772 1008 crimine
800 948 938 1011 involvit.

222 1027 262 1089 Ρ.
283 1029 353 1114 3255,
374 1033 403 1094 5.
445 1030 529 1091 hunc
561 1029 663 1092 locum
687 1034 863 1112 'generatim
895 1051 961 1092 suar
991 1033 1226 1112 interpretatus,

40 1126 42 1134 ’
129 1112 210 1194 quie
231 1113 513 1193 propriavocabula
534 1135 600 1176 non
622 1115 833 1196 suppetebant,
856 1125 887 1177 et
903 1113 1087 1197 periphrasis
1106 1135 1228 1198 permo-

128 1196 214 1258 lesta
235 1195 339 1256 future
357 1197 536 1260 videbatur.

220 1280 262 1345 P.
283 1278 357 1362 387,
384 1301 433 1346 ra.
473 1275 511 1340 ui
533 1278 597 1340 τοῖν
616 1277 798 1360 ἀφιεμένων
825 1277 951 1358 nrrpro‘r
982 1275 1166 1360 ῥοιζήματα.
1193 1301 1229 1340 ex

128 1360 286 1424 hocloco
310 1363 378 1424 sere
398 1360 539 1436 ooniicio,
563 1363 681 1424 Siculos
708 1361 849 1423 habuisse
875 1361 1063 1424 bernhardus
1091 1385 1127 1427 eo
1149 1375 1229 1424 tem·

133 1467 233 1530 pore,
253 1447 310 1505 nisi
333 1446 463 1507 sortasse
481 1444 597 1505 balistis
617 1445 753 1507 maximis
775 1447 823 1506 usi
843 1445 965 1512 suerint.

217 1529 258 1591 P.
279 1529 353 1610 592,
374 1549 407 1610 9.
449 1526 601 1610 φλῶπες]
623 1527 739 1590 scilicet
761 1523 819 1608 τὴν
840 1522 989 1612 κεφαλήν.

220 1609 260 1670 Ρ.
281 1609 356 1687 406,
382 1609 428 1677 15.
471 1605 489 1668 o‘
511 1609 567 1689 τῆς
587 1610 727 1690 γαμετῆς
746 1611 846 1692 τούτῳ
866 1610 986 1692 πατήρ]
1010 1631 1231 1692 saepenumero

39 1693 43 1728 ¹
134 1693 179 1754 ad
198 1691 282 1754 hune
301 1691 425 1754 modum
454 1692 549 1754 dativi
576 1714 635 1775 pro
662 1691 801 1774 genitivis
822 1693 861 1751 ab
883 1694 942 1753 hoc
964 1705 1088 1754 aumore
1107 1717 1230 1776 ponun-

133 1788 202 1854 tur,
223 1774 308 1837 haud
331 1776 394 1836 scio
411 1776 569 1838 librariine
590 1795 695 1837 errore
715 1797 754 1835 en
774 1773 967 1836 affectatione
987 1777 1131 1839 auctoris.

220 1859 260 1924 P.
280 1856 354 1936 416,
382 1857 430 1938 04.
472 1869 571 1942 potest
590 1854 625 1919 τὸ
645 1847 691 1930 οἷς
711 1879 771 1939 pro
783 1855 836 1938 ἐφ’
854 1849 900 1931 οἷς
913 1857 1125 1936 αἰτιολογικαῖς
1146 1859 1228 1943 oapi,
1238 1867 1264 1920 P.
1274 1867 1329 1940 trs

133 1942 182 2005 ud
194 1940 369 2004 leniendam
390 1945 502 2005 ciairmr
525 1939 767 2037 indignationem
782 1955 910 2026 propter
920 1941 1089 2024 ignaviam
1111 1943 1191 2012 eius.

219 2024 261 2088 Ρ.
280 2021 354 2106 430,
381 2044 429 2088 ro.
470 2025 531 2086 hoc
550 2023 723 2106 epistolium
743 2045 778 2085 ex
799 2034 920 2086 vetusto
948 2023 1055 2084 codice
1083 2025 1142 2105 (Β)
1173 2023 1230 2086 ad-

40 2117 43 2152 *
138 2108 216 2187 ieci,
246 2108 278 2168 in
311 2129 409 2190 eoque
438 2107 643 2170 convertendo
674 2111 765 2168 etiem
789 2109 906 2168 Graeca
938 2109 1077 2168 virorum
1105 2110 1230 2170 nomine

135 2191 248 2253 Latina
268 2199 425 2275 utcunque
446 2194 527 2268 feci,
556 2201 592 2251 nt
610 2190 768 2272 epitheta,
803 2211 882 2270 quae
911 2200 942 2251 et
970 2190 1119 2252 antitheta
1147 2203 1231 2269 sunt,

136 2275 244 2370 aliquo
273 2274 367 2335 modo
395 2274 645 2358 exprimerentur.
669 2295 704 2334 oc
726 2264 883 2354 ἀληθινοῦ
912 2272 967 2333 καί
995 2272 1143 2334 careor'ov
1171 2297 1231 2334 no·

40 2401 44 2445 5
136 2379 223 2420 mina
240 2359 313 2418 eutis
333 2355 415 2419 clara
434 2369 526 2419 suat:
547 2355 693 2435 λαχανᾶν
711 2377 785 2418 vero
806 2353 956 2438 ἀγοραῖον
976 2377 1014 2438 ep
1055 2354 1121 2432 llat‚
1146 2357 1230 2438 quod

136 2440 221 2503 olera
241 2439 275 2500 iu
295 2439 365 2502 foro
379 2451 543 2503 vaeneunt·
565 2448 610 2502 est
631 2450 661 2501 et
681 2437 912 2520 παρωνομασιά
932 2459 1011 2520 quae
1033 2459 1081 2498 am
1103 2441 1134 2499 in
1157 2461 1230 2500 ver·

137 2524 186 2588 bis
205 2519 327 2585 ἀδικεῖν
348 2535 380 2587 et
403 2515 427 2606 ’l
446 2519 483 2584 τὸ
505 2520 574 2604 ζῆνι
607 2523 746 2584 Graecae
773 2523 855 2582 enim
882 2522 1138 2601 pronuntiationis
1165 2532 1230 2584 stu·

139 2606 217 2669 diosi
236 2626 257 2666 ar
279 2607 343 2670 fere
362 2629 418 2691 per
438 2629 456 2669 c
477 2609 620 2670 Latinum
641 2603 784 2680 efferunt,
805 2603 917 2678 adicio,
939 2604 1043 2666 ituria.

220 2689 264 2752 P.
286 2688 361 2769 430,
384 2711 414 2772 7.
454 2681 612 2769 calciare]
645 2688 773 2749 fumasse
798 2680 960 2759 κελαινοῦ,
998 2683 1079 2765 nigri
1110 2682 1336 2754 coloris.v.352

140 2780 274 2835 vetustus
290 2772 384 2833 codex
405 2771 500 2832 habet
518 2767 691 2850 γερανέου,
717 2769 821 2852 gruini
842 2767 975 2844 coloris,
1009 2769 1065 2850 qui
1094 2766 1156 2829 sere
1184 2780 1232 2831 est

40 2877 42 2908 ³
140 2858 220 2918 ierru
238 2857 337 2918 ineas.
366 2844 501 2913 xoiluaor
521 2852 705 2912 adieetivum
729 2871 842 2913 nomen
864 2869 1014 2932 nusquam
1033 2851 1166 2930 reperio.
1226 2916 1229 2924 ¹

40 2942 41 2967 ³
220 2877 260 3000 Ρ.
268 2933 341 3015 455,
356 2935 402 2996 15.
422 2933 507 3018 quod
518 2932 598 2995 alter
615 2932 838 3018 μεταφορικιῦς
847 2933 961 3014 scribit,
972 2931 1048 2995 ulter
1062 2935 1109 3014 (Β)
1124 2927 1231 3005 ἅπλῶς

141 3019 258 3082 ridetur
279 3017 441 3102 occepisse.

220 3101 259 3168 Ρ.
279 3099 367 3182 468,
401 3103 448 3164 1³.
489 3094 544 3161 riri
569 3091 626 3161 riv
654 3088 801 3181 ὄπισθεν]
830 3099 967 3162 converti
1000 3097 1124 3182 eosqui
1144 3109 1229 3180 terga

141 3184 261 3260 0106001,
284 3205 358 3246 cum
375 3183 518 3247 videatur
537 3186 643 3267 potius
667 3181 828 3265 legendum
850 3177 903 3246 ela
920 3175 1108 3262 ἔμπροσθεν.

217 3268 257 3336 P.
276 3265 348 3348 468,
375 3287 423 3351 ¹9·
463 3264 542 3330 alter
569 3266 789 3350 metaphorice,
816 3267 895 3326 ulter
918 3267 1048 3347 proprie
1069 3261 1229 3347 loquitur;

142 3349 217 3416 'alter
241 3351 282 3414 de
301 3349 460 3426 caedibus,
481 3349 560 3413 ulter
580 3349 651 3412 des
674 3348 742 3410 oliic
767 3357 799 3410 et
818 3347 898 3408 ferne
916 3349 988 3430 agit.

219 3434 259 3498 Ρ.
275 3431 348 3518 tipo,
373 3433 420 3497 15.
460 3432 521 3497 rori
543 3373 677 3516 Tayxpll
708 3433 838 3493 fortasse
856 3429 1052 3492 Tanciedum
1073 3428 1226 3512 iutelligit,
1234 3439 1260 3494 P.
1268 3437 1322 3510 437

40 3570 41 3573 ,
145 3515 366 3580 salernitanum
383 3517 565 3600 principem,
586 3513 744 3581 crudelem
764 3513 851 3578 illum
876 3513 1040 3600 pudicitiae
1061 3513 1224 3590 cimicem,

146 3605 170 3667 ai
187 3599 289 3664 fabula
309 3623 386 3665 rere
403 3611 556 3668 narretur.
1294 3607 1297 3616 ’

224 3686 263 3752 Ρ.
283 3681 361 3763 483,
388 3685 434 3749 ¹5.
476 3674 634 3767 posset'rri
663 3678 772 3762 εὕῆλιξ
804 3681 898 3742 etiam
931 3681 970 3746 ad
997 3681 1133 3766 corporis
1149 3699 1227 3760 pro·

148 3774 300 3834 ceritatem
321 3769 452 3844 referri,
480 3769 553 3852 quia
584 3759 689 3850 ἡλικία
710 3775 741 3828 ct
762 3773 894 3829 aetatem
916 3777 945 3829 et
965 3777 1114 3830 staturam
1133 3761 1229 3846 signi-

149 3854 221 3920 sicat.
