3017 4892
280 317 360 424 164
589 343 763 409 arcuum
793 345 1026 409 cuomlrlu

244 501 314 588 litui
337 501 459 587 στρατῷ
487 498 521 561 έν
544 498 588 584 τῷ
611 495 693 561 κατὰ
728 495 838 562 σκότον
860 499 1097 576 συμπλέκεσθαι
1118 504 1181 572 τοῖς
1208 495 1356 581 Γοόρκοις

272 598 451 684 ἀναφωνεῖν
472 598 654 680 ,,σιίληρος,”
676 591 719 670 ιός
743 593 790 678 εἴη
811 599 920 668 αότοΐς
944 589 1042 671 οὕτως
1063 595 1356 681 α’ντιπαρέρχεσθαι

271 701 330 779 μὲν
349 695 384 761 τό
422 693 584 781 ὁμόφυλον
615 695 658 769 ὥς
694 691 881 780 ὁμόφωνον,
908 692 942 757 τὸ
963 695 999 758 lt·
1020 695 1092 780 σιγῇ
1113 691 1203 759 ἐπιόν
1223 698 1356 761 κατ’νοιιν

273 795 317 872 ὥς
337 795 564 877 ἆλλόγλωσσον.
614 795 670 857 καί
697 796 788 856 τοῦτο
817 794 858 855 δι’
889 787 964 876 όλης
993 796 1049 876 τῆς
1077 791 1144 857 τότε
1174 799 1357 876 συμπλοκῆς

271 890 529 981 έπιφωνοόμενον
551 894 704 957 όιέοτελλι
725 889 764 954 τό
785 893 874 975 γένη,
907 891 961 956 καί
979 891 1015 955 τό
1041 893 1100 955 τοῦ
1123 891 1246 974 Δαβόλ,
1270 891 1287 956 ό
1309 895 1383 958 σι’-5

273 997 368 1078 δηρος
394 989 452 1066 τός
480 993 544 1056 ταῖν
570 993 710 1074 Περσῶν
736 988 848 1071 ψυχὰς
882 985 1039 1074 όιηρχετο.
1088 988 1169 1071 μετὰ
1202 993 1238 1056 δὲ
1257 991 1356 1058 πολόν

272 1087 335 1175 όψέ
365 1113 440 1155 ποτε
469 1084 566 1176 φόνον
597 1087 627 1154 οἱ
666 1089 801 1173 Τοόρκοι
830 1092 984 1165 συνιέντες
1012 1085 1031 1152 ό
1059 1085 1209 1170 βούλεται
1235 1089 1270 1156 τό
1293 1089 1355 1156 α’νό

273 1190 373 1270 στόμα
398 1185 568 1271 Ῥωμαίοις
595 1191 759 1269 κείμενον,
788 1185 909 1276 ξονιρόό
930 1185 1024 1272 σφίσι
1052 1187 1108 1252 καὶ
1127 1189 1221 1254 uritur*
1240 1192 1356 1276 ἐφθέγ-

162 1343 168 1354 .
273 1312 383 1374 μοντσ,
404 1290 464 1363 ἕως
483 1289 540 1372 τῆς
570 1284 676 1362 νυκτός
706 1288 926 1370 όιαμενομένης
951 1280 1004 1350 ἄπ’
1025 1287 1168 1373 ἀλλήλων
1188 1291 1357 1372 διέστησαν

271 1385 309 1454 τό
341 1384 571 1472 στρατεύματα.
619 1387 735 1450 πολλαί
762 1387 821 1464 μὲν
851 1377 907 1450 οὖν
934 1387 1088 1469 ἐκόρομαί
1114 1384 1151 1451 τό
1178 1391 1356 1476 ιτηνικαῦτα
1371 1413 1404 1452 ιο

273 1490 387 1573 καιροῦ
411 1489 456 1574 τῷ
478 1490 610 1568 βασιλεῖ
632 1485 733 1573 τοότιμ
762 1481 842 1550 κατὰ
874 1487 936 1549 ταῖν
960 1483 1106 1570 Τοόρκαν
1127 1487 1282 1570 ἐγένοντο,
1303 1491 1359 1550 καί

245 1585 362 1672 (ζπαρό
389 1582 505 1652 τοότιον
535 1578 633 1661 αὖθις
656 1585 826 1667 Ῥωμαιοις
854 1585 1118 1669 ἐπιξυνέστησαν·
1171 1589 1298 1670 παρῆκα
1321 1588 1357 1648 tt

273 1685 392 1752 τούτων
412 1679 485 1749 όσαι
508 1683 569 1749 σόν
588 1687 633 1772 τῷ
650 1681 694 1768 μὴ
715 1680 932 1769 α’ξιαφήμητόν
947 1709 979 1746 τι
1000 1687 1171 1768 κεκτῆσθαι
1191 1687 1245 1748 καί
1263 1683 1357 1764 κόρον

273 1794 338 1861 τοῖς
357 1783 520 1870 φιληκόοις
543 1781 724 1866 ἕμποιήσειν
754 1777 888 1866 ἤμελλον
896 1833 905 1864 ,
937 1777 989 1848 οἶα
1010 1781 1048 1848 τὰ
1069 1783 1166 1848 πολλὰ
1187 1787 1232 1857 εἰς
1253 1783 1356 1847 ruderi
1422 1815 1425 1824 ¹

273 1882 328 1967 την
347 1881 489 1966 ἱστορίαν
509 1885 807 1968 ἐπαναστρέφουσαι
827 1884 882 1945 καί
899 1883 999 1965 μηδὲν
1011 1907 1042 1946 τι
1059 1877 1292 1967 παρεξηλλαχός
1314 1882 1357 1956 εἰς
1371 1881 1406 1943 ι5

276 1979 334 2066 την
356 1983 501 2067 όιημησιν
522 1979 663 2066 ἔχουσαι.

192 2173 269 2225 κιο
341 2165 524 2229 rumor.
555 2164 840 2229 rErAPTOa
864 2133 969 2228 ’τινα
990 2164 1302 2228 ΒΑΣιΛΕιΑα

482 2298 699 2372 ΜΑΝΟΤΛ
732 2299 831 2374 tut
855 2299 1148 2375 KOMNENOY.

198 2503 267 2556 taut
364 2524 387 2562 ι.
412 2473 595 2596 Ἐπόνειμι
615 2502 645 2563 t'
672 2488 769 2574 αὖθις
792 2501 847 2565 ἐπὶ
863 2500 902 2565 τὰ
922 2499 1080 2564 Παιονικό
1092 2550 1101 2581 ,
1136 2503 1309 2588 σαφηνείας
1330 2503 1360 2562 tl’

346 2636 370 2702 4,
389 2631 585 2702 όὶλόμλωττοκ
602 2634 632 2686 Α.
707 2653 746 2704 ¹7·
770 2637 891 2688 ΊῸΜΟΣ
908 2665 941 2676 -
962 2635 1179 2688 ΒΑΣΙΛΕΙΑΣ
1195 2651 1238 2686 our
1257 2636 1291 2700 λ,
1311 2637 1358 2703 qui

346 2704 500 2773 Κομυηνοῦ
519 2706 609 2772 κυροό
628 2705 776 2770 Μανουόλ.
833 2722 870 2774 ¹9·
890 2704 1050 2778 Παιονικό]
1065 2703 1208 2776 οιλμμρικό
1217 2707 1245 2758 Β.
1309 2719 1361 2758 σα-

345 2772 474 2846 φηνείας]
497 2777 653 2844 συναφείας
670 2773 698 2827 δ’
714 2775 748 2829 ἓν
763 2793 801 2827 κα
822 2782 869 2840 τῆς
890 2777 1018 2847 ἱστορίας
1034 2779 1065 2828 A.

278 2895 349 2945 enim
376 2893 503 2963 expedita
529 2894 669 2962 copiarum
695 2897 819 2966 partein
848 2896 972 2948 cohortes
998 2895 1132 2964 descripta
1149 2911 1294 2964 aeuumque
1311 2894 1360 2946 ad-

279 2965 377 3028 ducta,
406 2973 488 3016 noctu
513 2965 680 3017 adversarios
709 2969 808 3024 rectius
835 2967 927 3018 invadi
948 2969 1114 3035 postorali,
1139 2967 1208 3019 hune
1228 2967 1360 3017 exercitui

279 3043 408 3087 temeram
419 3036 447 3084 in
465 3044 597 3086 nocturno
615 3038 665 3087 illo
682 3037 811 3089 conflictu
822 3037 965 3098 dederunt,
983 3046 1015 3088 ut
1024 3039 1205 3090 exclamarent
1214 3039 1360 3102 ,‚serrum“‚

279 3116 310 3157 ut
331 3123 393 3158 euos
417 3123 448 3156 ea
468 3122 534 3157 voce
560 3107 651 3174 agnita
678 3109 824 3159 inviolatos
842 3109 1034 3177 praeterirent,
1060 3125 1105 3160 eus
1124 3125 1187 3158 vero
1217 3108 1263 3176 qui
1283 3107 1360 3158 taciti

279 3177 453 3240 accederent,
482 3177 638 3229 occiderent
662 3186 694 3229 ut
723 3181 887 3246 peregrinos.
916 3195 947 3228 ea
969 3179 1125 3230 acclamatio
1152 3178 1235 3230 totius
1256 3193 1361 3246 pugnae

279 3255 401 3317 ternpore
430 3255 523 3314 gentes
541 3247 684 3310 distinxit,
714 3257 742 3299 et
761 3259 791 3300 ut
811 3246 899 3300 David
917 3249 969 3310 ait,
989 3249 1052 3299 serti
1072 3249 1160 3300 instar
1176 3249 1205 3298 in
1222 3249 1361 3300 Persarum

281 3319 384 3369 animoa
403 3319 564 3385 penetravit.
588 3318 637 3369 sed
661 3319 745 3370 Turni
766 3327 829 3389 post
857 3319 970 3370 multam
988 3319 1098 3370 tandem
1117 3319 1241 3380 caedem,
1260 3325 1362 3368 tessera

282 3388 330 3438 illa
349 3387 506 3452 intellecta,
528 3389 642 3440 eandem
664 3405 758 3440 vocem
776 3397 804 3441 et
821 3390 874 3458 ipsi
892 3398 1073 3458 usurparunt,
1098 3389 1185 3440 douec
1202 3389 1293 3457 elapsa
1312 3403 1362 3438 no-

283 3465 326 3507 cte
350 3456 478 3527 dirempti
508 3467 572 3511 suut
594 3460 737 3511 exercitus.
765 3469 873 3512 suntet
899 3460 970 3510 aliae
995 3461 1097 3511 multae
1115 3459 1249 3512 Manuelia
1268 3465 1361 3508 contra

282 3527 383 3577 'starcaa
409 3535 437 3578 et
456 3529 604 3581 'furcarum
631 3538 725 3583 contra
743 3531 877 3582 Romanor
903 3531 1075 3582 excursiones
1093 3531 1200 3596 iactae3
1218 3545 1285 3598 quaa
1303 3529 1363 3596 ple-

282 3612 397 3664 rasque,
427 3596 503 3664 quod
529 3599 599 3650 nihil
627 3600 806 3652 memorabile
827 3601 856 3652 in
880 3603 914 3653 iis
933 3610 1020 3654 aulum
1049 3609 1106 3664 est,
1125 3599 1307 3670 praetermisi,
1326 3613 1363 3649 ne

282 3665 374 3716 crebra
394 3666 524 3718 similium
540 3685 629 3722 rerum
646 3671 792 3740 repetitio,
810 3672 869 3725 aine
889 3670 945 3724 ulla
966 3672 1051 3742 gratia
1063 3672 1205 3735 novitatis,
1223 3668 1363 3724 lastidium

282 3743 390 3805 pareret
408 3736 564 3788 lectoribus.

418 3879 638 3944 NICETAE
671 3885 966 3950 CHONlATAE
994 3887 1141 3949 LlBEIl
1170 3886 1220 3948 1v

333 4017 488 4086 RERUM
512 4019 544 4084 A
568 4019 783 4090 MANUELE
810 4023 1033 4091 COMNENO
1060 4023 1315 4092 GESTARUM.

377 4252 397 4287 ι.
432 4186 611 4305 Priusquam
629 4242 720 4286 autem
741 4234 775 4286 ad
797 4252 838 4287 rea
857 4237 1022 4290 Pannonicae
1042 4236 1164 4302 redeam,
1184 4235 1366 4307 perspicuita-
