3017 4892
293 229 349 312 οδ
605 253 779 321 usnemu
813 254 1050 320 cuoumma

290 431 410 472 ιινυσιν.
460 403 518 468 ata
547 402 651 486 ὀλίγον
680 405 715 468 dl
749 406 870 488 πλῆθος
893 408 1031 490 Περσῶν
1061 407 1181 473 ἐκεῖθεν
1199 406 1373 492 ἅπαγαγιόν

291 503 492 590 αἰχμάλωτον
512 501 591 588 πρός
608 501 643 570 τό
665 505 842 584 Βοζόντιον
861 505 1056 583 όπανίζευξε.
1079 508 1184 572 τοίνυν
1204 506 1259 572 καί
1276 504 1374 592 κηρό-

291 608 347 682 ξας
366 603 420 670 ἐπί
447 606 491 690 τῷ
517 606 654 690 τροπαίῳ
682 605 800 668 τουτωῒ
826 606 1004 690 θριαμβον,
1036 599 1126 692 ἅρμα
1154 607 1374 689 διειλημμένον

290 705 419 792 α’ργόρρι
439 703 576 787 παγῆναι
601 701 852 787 προσετετάχει·
894 706 950 768 καί
968 696 1008 788 ἦν
1027 700 1063 772 τό
1081 700 1171 789 όρμα
1190 704 1375 786 θαυμάσιον

290 797 357 868 οἷον
383 797 568 889 γενόμενον,
600 803 655 866 καί
684 805 772 868 aaa
801 804 864 868 sais
889 799 934 887 μή
956 801 1039 869 advo
1061 805 1226 890 τιμαλφοόν
1244 802 1404 885 aragois

290 901 369 967 αότό
392 895 537 987 ἦγαλλον.
590 897 742 984 όνοτόσνγς
763 901 799 964 di
820 905 876 984 τῆς
897 900 1021 985 ἡμέρας
1042 902 1117 966 καθ’
1137 899 1177 988 ἣν
1197 900 1218 986 ἦ
1238 899 1375 986 πρόοδος

236 993 420 1086 ὥριστο,
453 993 538 1076 όπας
564 1001 680 1076 πέπλος
699 995 757 1074 τός
786 995 902 1081 όγυιός
930 997 1116 1084 τατηγλόϊζε
1137 998 1325 1087 χρυσοῦφὴς
1341 1021 1376 1080 τι

289 1099 345 1166 καί
367 1096 624 1186 περιπόρφυρος.
683 1099 758 1164 οὐδὲ
790 1096 831 1163 τὰ
863 1101 921 1165 τοῦ
941 1102 1088 1182 Χριστοῦ
1115 1101 1173 1166 καί
1190 1103 1255 1164 ταῖν
1276 1097 1376 1183 όγίων

205 1201 375 1286 triduis
409 1201 530 1266 ἐκεῖθεν
557 1195 756 1282 εἰκάσματα,
785 1194 885 1263 όπόσα
920 1197 1101 1285 όστουργιιιή
1137 1201 1209 1282 χείρ
1232 1199 1376 1279 ἕπίπλοις

290 1299 518 1382 όνετυποόσατο,
551 1295 575 1362 ό
594 1299 649 1363 καί
667 1295 790 1382 εἴρηκεν
819 1288 860 1362 όν
880 1321 928 1375 τις
945 1295 1098 1381 ἔμψυχα,
1120 1297 1179 1362 oda
1198 1293 1373 1384 ε’νυφαντό.
1388 1325 1425 1377 ια

290 1391 330 1481 ἦν
349 1400 385 1462 δὲ
416 1400 474 1463 τοῦ
495 1392 636 1480 ἄγασθαι
662 1390 737 1473 όξια
756 1393 811 1462 ταί
829 1393 870 1461 τό
890 1400 965 1482 περί
985 1395 1041 1482 τήν
1061 1398 1200 1482 πάροδον
1219 1392 1376 1481 ἑκατέρω·

290 1503 348 1562 θεν
371 1493 450 1581 πρός
470 1491 630 1581 ὑποδοχὴν
656 1497 720 1559 τόν
751 1499 920 1577 θεωμένων
943 1495 998 1563 διό
1030 1494 1130 1576 ξόλων
1156 1497 1305 1580 πόγματα
1322 1495 1378 1560 καί
1418 1575 1422 1584 .

290 1594 389 1679 ἴκρια.
437 1599 543 1680 χῶρος
574 1599 610 1660 δὲ
636 1596 691 1679 τῆς
711 1591 830 1669 πόλεως
852 1588 909 1678 ἦν,
941 1591 976 1672 ὃς
998 1596 1116 1662 οὑτωσί
1137 1590 1377 1665 διεσκεύασται*

290 1697 408 1779 διήκων
428 1695 463 1761 ἐκ
480 1696 544 1760 των
564 1689 650 1784 ipsos
671 1698 779 1760 πυλῶν
797 1698 854 1777 τῆς
873 1694 990 1774 πόλεως
1009 1697 1042 1772 ἐς
1058 1694 1138 1760 adro*
1157 1693 1195 1759 τό
1215 1696 1298 1779 μέγα
1319 1719 1377 1758 πα·

291 1797 410 1864 isiacos.
452 1797 508 1861 ιιαί
529 1793 568 1884 δή
586 1793 621 1862 τό
642 1797 701 1876 μὲν
719 1797 878 1879 τέτρωρον
898 1794 1069 1881 εόπρεπές,
1090 1796 1146 1860 καί
1163 1786 1265 1859 εἴλεον
1283 1795 1425 1864 τοῦτοιὸ

291 1899 423 1980 πίσυρες
441 1895 532 1960 ἵπποι
550 1895 747 1978 καλλίτριχες
777 1894 886 1976 χιόνος
905 1893 1095 1979 λευκότεροι.
1136 1888 1154 1957 ό
1177 1895 1212 1958 δὲ
1226 1890 1377 1976 βασιλεός

200 1989 203 2003 ’
258 1996 350 2080 neila
371 1997 427 2061 τοῦ
446 1989 587 2078 όρμαεος
608 1993 757 2076 ἐπίβασιν
776 1990 934 2077 παρεικοός
964 1990 1022 2078 τήν
1043 1998 1099 2078 τῆς
1115 1992 1309 2078 θεομῆτορος
1331 1991 1378 2058 εἰ·

291 2091 366 2160 τόνα
385 2089 486 2182 τοίπερ
507 2095 742 2174 ε’πανεβίβασεν,
761 2084 849 2180 ἐφῇ
872 2090 928 2156 καί
945 2083 985 2178 ἦν
997 2091 1139 2178 γεγηθώς
1161 2091 1216 2159 καί
1235 2091 1292 2178 τὴν
1310 2110 1377 2175 ψυφ

290 2191 354 2276 γῆν
373 2194 523 2260 ἐκλείπων
540 2185 641 2276 αότὴν
651 2239 663 2272 ,
685 2188 740 2258 καί
766 2189 824 2266 τός
837 2195 927 2268 νίκας
945 2192 990 2269 nic
1012 2194 1272 2278 συστρατηγότιδι
1291 2189 1377 2272 α’μόι

291 2314 341 2378 χρ
352 2285 613 2376 ἐπιγραφόμενος,
640 2294 697 2354 aci
716 2287 791 2368 όοός
813 2284 901 2375 όγειν
913 2289 953 2357 τό
974 2289 1091 2375 χαλινὰ
1111 2289 1187 2367 τοός
1198 2292 1273 2373 παρ’
1293 2290 1374 2354 ἐκεί-
1383 2314 1424 2358 ao

292 2413 336 2478 esp
371 2390 564 2470 δυναμένους
593 2387 632 2454 τό
661 2392 812 2473 μέγιστα,
843 2394 900 2456 καί
930 2400 996 2467 τοῖς
1017 2391 1181 2473 ἐκγόνους
1200 2389 1375 2472 ἐγγιζουσιν

293 2489 547 2575 όμφιπονεῐοθαι
574 2484 609 2552 τό
635 2483 724 2575 όρμα
754 2488 881 2572 ἐνδούς,
910 2492 1045 2575 προῆγεν
1073 2487 1172 2564 αότός
1206 2484 1376 2574 σταυριιιόν

292 2596 421 2672 σημεῖον
440 2584 657 2673 χειριζόμενος
677 2591 733 2676 ναί
752 2590 827 2655 ποσί
846 2588 905 2675 τὴν
924 2591 1054 2674 πορείαν
1074 2586 1279 2671 ποιούμενος·
1321 2587 1378 2652 καί

292 2684 345 2752 τόν
364 2687 399 2751 εἰι
419 2691 474 2770 τῆς
506 2689 564 2750 τοῦ
590 2689 668 2752 θεοῦ
696 2687 812 2774 σοφίας
838 2688 1123 2774 παρωνυμοόμενον
1153 2685 1228 2753 ναόν
1249 2686 1375 2767 eiusde,

294 2788 350 2852 καί
367 2783 425 2870 τὴν
438 2788 492 2854 ἐπί
502 2795 567 2862 τοῖς
587 2791 849 2872 κατωρθωμένοις
864 2787 1112 2872 α’νθομολόγιγσιν
1131 2788 1230 2876 νυρίφ
1247 2788 1290 2876 τῷ
1311 2786 1423 2872 θεῷτὸ

293 2885 465 2969 ιῖιιονείμας
473 2889 531 2952 τοῦ
540 2885 600 2953 leni
610 2886 725 2964 παντός
736 2884 879 2971 ἐνεόντων,
890 2889 935 2976 τῷ
944 2886 1063 2976 όρχείιμ
1074 2881 1172 2962 οὕτως
1185 2887 1375 2974 παρέβαλεν.

294 3089 376 3142 rebus
394 3087 543 3159 desperatis
568 3089 665 3143 cedere
685 3093 765 3160 cogit.
791 3108 842 3143 nec
864 3092 960 3160 exigua
977 3090 1116 3143 Persarum
1132 3089 1310 3143 multitudine
1326 3089 1377 3142 ab·

294 3161 376 3214 ducta
391 3161 549 3228 Byzantium
567 3177 688 3213 reversus
711 3161 879 3232 triumphum
895 3161 1012 3227 indicit3
1032 3170 1061 3213 et
1080 3179 1186 3213 currum
1204 3168 1315 3230 argento
1333 3161 1377 3214 in·

293 3239 466 3301 terpunctum
487 3231 622 3301 compingi
640 3231 731 3296 iubet,
760 3250 827 3303 opus
846 3232 1007 3284 admirabile
1027 3241 1055 3284 et
1072 3233 1182 3299 gemmis
1202 3230 1304 3283 alicubi
1320 3249 1377 3285 non

293 3303 498 3371 pretiosissimis
518 3312 651 3356 ornatum.
668 3321 729 3354 cum
747 3303 806 3356 dies
819 3301 1027 3374 supplicationis
1044 3303 1169 3364 adesset,
1187 3303 1276 3354 omnis
1295 3319 1379 3371 gene-

295 3373 332 3424 ris
352 3380 457 3440 tapetes
476 3390 542 3425 auro
560 3383 589 3426 et
604 3391 641 3444 pu
676 3392 723 3426 urs
741 3374 884 3427 intertexti
901 3374 975 3427 uicos
995 3371 1177 3435 exornabant,
1194 3390 1245 3425 nec
1264 3371 1379 3427 deerant

295 3441 396 3492 Christi
415 3451 444 3494 et
459 3451 612 3496 sanctorum
632 3461 645 3496 e
666 3446 730 3515 'gies
742 3447 772 3496 in
789 3446 824 3496 iis
835 3445 871 3496 ad
885 3445 975 3496 vivum
989 3460 1138 3512 expressae.
1156 3453 1235 3496 erant
1251 3452 1280 3496 et
1296 3443 1378 3496 tabu-

295 3511 352 3564 lata
369 3512 497 3581 utrinque
514 3524 625 3584 propter
642 3524 807 3586 spectatores
823 3523 933 3577 structa,
952 3513 1032 3583 digna
1049 3513 1237 3567 admiratione.
1257 3515 1311 3566 suit
1329 3531 1379 3566 au·

295 3583 392 3635 ternis
417 3581 493 3634 locus
521 3585 596 3636 urbis
618 3586 656 3638 sic
673 3587 837 3650 instructus,
868 3586 917 3657 qui
937 3584 972 3637 ab
991 3585 1127 3638 Orientali
1142 3595 1221 3656 porta
1237 3583 1379 3656 usquead

294 3669 421 3724 magnum
446 3653 578 3723 palatium
614 3659 741 3724 pertinet.
767 3657 915 3728 quadrigae
940 3665 1095 3726 aquatuor
1121 3657 1199 3726 equis
1226 3657 1288 3709 nive
1314 3673 1379 3708 ean-

295 3723 449 3776 didioribus
472 3723 658 3778 trahebantur.
683 3729 830 3798 imperator
855 3746 919 3780 vero
938 3743 995 3779 non
1012 3727 1184 3790 conscendit,
1202 3727 1251 3780 sed
1268 3727 1313 3778 dei
1330 3741 1379 3795 ge·

294 3795 400 3848 nitricis
426 3796 569 3863 imaginem
599 3798 627 3848 in
655 3814 688 3849 eo
719 3799 876 3866 cossocavit;
905 3799 941 3852 ob
969 3814 1050 3868 quam
1069 3798 1175 3850 laetitia
1188 3795 1330 3850 exultabat
1349 3803 1380 3852 et

294 3867 387 3920 animo
406 3882 476 3934 pene
494 3865 688 3936 linquebatur3
706 3870 750 3920 cui
765 3871 910 3934 victorias,
929 3879 961 3923 ut
977 3871 1097 3937 collegae
1115 3868 1223 3937 imperii
1239 3867 1377 3930 invictae,

295 3945 419 4008 acceptas
437 3935 551 3989 serebat.
570 3936 690 3990 habenas
713 3940 779 3992 siris
798 3941 994 4011 potentissimis
1019 3938 1198 3991 moderandas
1213 3946 1242 3990 et
1256 3936 1379 4005 cognatis

295 4007 351 4060 tuis
370 4025 476 4060 currum
493 4007 640 4060 curandum
658 4009 747 4063 dedit:
770 4010 829 4081 ipse
850 4028 957 4064 crucem
973 4027 1056 4062 manu
1073 4017 1181 4078 gestans
1198 4007 1282 4078 pedes
1299 4014 1379 4058 ante-

296 4078 385 4130 cessit.
405 4087 433 4129 et
446 4078 491 4131 dei
508 4079 658 4150 sapientiae
670 4082 802 4152 templum
815 4082 958 4150 ingressus,
977 4089 1060 4148 atque
1076 4081 1106 4132 in
1123 4087 1270 4150 conspectu
1288 4079 1379 4132 omnia

293 4148 391 4221 populi
409 4148 445 4202 ob
466 4167 603 4204 successus
620 4152 713 4220 gratiis
731 4151 785 4207 deo
802 4154 888 4216 actis,
905 4154 935 4206 in
952 4150 1086 4222 palatium
1105 4151 1181 4205 abiu.
