3017 4892
303 287 353 340 ιο
620 276 795 342 uscunu:
826 273 1075 386 cuonursn

296 428 396 514 μονήν
422 431 485 496 τῶν
515 425 697 512 Μαγμάνων
730 423 963 508 λαμπροτάτοις
994 419 1255 504 οἰκοδομήμασιν,
1292 414 1309 482 si
1340 421 1377 486 di

295 537 371 604 παῖς
389 527 531 614 Ἰωάννης
551 526 607 594 τὸν
628 528 750 609 πατέρα
772 519 857 609 δρῶν
876 525 915 610 τῇ
933 521 1060 608 τελευτῇ
1081 518 1300 603 πλησιάζοντα,
1322 517 1380 584 κατ’

295 628 353 710 τήν
375 631 495 712 μητέρα
528 623 619 701 εἶδεές
649 624 905 709 α’ποστέργουσαν
923 619 980 684 καὶ
1002 619 1040 706 τῇ
1062 612 1185 704 ἇδελφή
1206 616 1265 702 τήν
1283 624 1377 698 βαστ-

295 731 383 792 λεῖαν
402 729 578 809 μνωμένην,
601 727 762 789 κοινοῦται
786 719 819 785 sd
843 723 987 805 ποιητέω
1008 725 1075 793 τοῖς
1093 718 1128 782 ἐκ
1147 719 1203 801 τῆς
1222 715 1378 800 συγγενεῖ-

296 850 335 901 uc
356 825 462 914 έκείνφ
490 829 571 912 φιλα
602 824 795 908 φρονοῦσιν,
825 811 869 883 ὧν
893 817 933 883 τοὶ
968 816 1122 902 κράτιστα
1140 809 1180 901 ήν
1199 812 1217 880 d
1239 811 1407 902 ἆδελφόςξι

291 920 459 1000 Ἰσαάκιος.
502 924 557 988 καὶ
577 919 616 1007 δή
634 918 744 986 λαθών
761 918 819 1004 τήν
838 921 960 1003 μητέρα
974 914 1086 982 εἴσεισι
1104 911 1159 981 τὸν
1177 918 1310 981 κοιτῶνα
1323 912 1379 980 τδν

294 1019 468 1108 πατρινόν,
503 1024 559 1088 κατ’
584 1018 770 1106 προσπεσὼν
799 1017 843 1093 οἱς
876 1019 974 1100 δῆθεν
999 1011 1168 1100 θρηνήσων
1194 1013 1379 1099 ὑφαιρεῖται

297 1119 400 1206 λα’δρα
424 1125 479 1206 τῆς
511 1119 629 1188 ἐκεῖνον
660 1117 770 1203 χειρὸς
802 1116 855 1182 τὸν
883 1119 1106 1202 σφραγιστῆρα
1125 1111 1297 1179 δακτύλιον.
1317 1113 1381 1177 εἰσί

267 1224 327 1285 cd’
349 1223 383 1286 οἳ
399 1219 479 1286 κατα
502 1217 627 1305 γνώμην
646 1222 704 1284 τοῦ
724 1215 845 1301 πατρὸς
867 1212 963 1280 αὐτόν
985 1239 1067 1300 φασι
1083 1213 1152 1278 τόδε
1167 1216 1377 1296 πεποιηκέναι,

205 1323 207 1326 ’
297 1316 340 1396 ὥς
364 1317 493 1385 δίδωσιν
513 1321 627 1386 ἐννοεῖν
646 1316 685 1382 sd
699 1316 779 1398 μετὰ
800 1315 906 1398 βραχύ
931 1312 1141 1400 ῥηθησόμενα.
1183 1306 1296 1376 αὔτικα
1317 1312 1430 1379 τοτ’-το

296 1443 354 1484 νυν
384 1414 576 1514 δἸωάννηςΙ
593 1418 885 1494 τούςσυνιότορας
913 1410 1070 1498 ήθροικως
1107 1416 1161 1476 καί
1178 1410 1211 1477 τὸ
1236 1413 1380 1492 πραχθέν

296 1513 454 1602 ήμγελκώς
475 1517 529 1582 ins*
552 1520 678 1600 κέλητος
708 1517 785 1596 μεθ’
805 1509 911 1577 ὃπλων
931 1510 1009 1596 πρὸς
1026 1510 1061 1577 td
1084 1515 1232 1594 μέγιστον
1250 1511 1380 1594 ἆρχεῖον

296 1616 476 1700 ἐξώρμησε,
505 1621 575 1681 κατ’
606 1615 707 1700 ου’τήν
738 1612 797 1698 τήν
822 1615 884 1677 τῶν
913 1609 1098 1693 Μαγγάνων
1126 1609 1226 1693 μονήν
1251 1609 1306 1673 κατ’
1324 1607 1381 1684 τὰς

297 1712 414 1796 ἀγυιὰς
445 1711 561 1794 ὁμοίως
581 1715 637 1800 τῆς
655 1709 776 1786 πόλεως
805 1707 869 1774 sind
892 1708 1033 1792 πλήθους
1051 1712 1108 1772 τοῦ
1126 1683 1306 1794 σύμφρένος
1328 1710 1383 1772 καὶ

296 1815 361 1878 ταῖν
390 1811 471 1876 κατα
505 1811 613 1898 φήμην
638 1813 700 1876 τοῖν
738 1811 905 1894 δρωμένων
924 1809 1175 1888 συναλιζομένων
1195 1807 1431 1878 decendium

294 1909 447 1990 βασιλευς
469 1908 674 1995 ου’τοκροίτωρ
691 1905 979 1994 ἀνευφημούμενος.
1021 1907 1041 1990 ἦ
1060 1911 1184 1988 βασιλὶς
1206 1910 1242 1972 δὲ
1262 1907 1381 1991 Εἰρήνη

294 2009 352 2076 κατ’
369 2007 474 2095 μήτηρ
502 2011 561 2074 τοῦ
582 2004 726 2076 Ἰωάννου
746 2005 826 2093 πρὸς
845 2010 910 2072 τοῖν
931 2005 1015 2072 οὕτω
1032 2008 1204 2090 γινομένων
1222 2007 1383 2090 έκθαμβη·

297 2111 393 2174 θεῖσα
414 2109 565 2174 στειλασα
596 2109 810 2191 μητεπέμπετο
834 2103 889 2172 τὸν
920 2101 1013 2189 υἱόν,
1042 2104 1098 2170 καὶ
1115 2102 1248 2192 παρήκει
1266 2108 1330 2168 τῶν
1348 2103 1383 2168 έν

298 2209 413 2292 χερσῖν
439 2207 651 2288 ἀποσχέσθαι.
692 2205 736 2280 ὥς
756 2208 786 2270 δ’
817 2196 858 2289 η’ν
876 2202 949 2283 ὅλος
969 2208 1033 2270 τῶν
1051 2207 1220 2290 δρωμένων
1241 2203 1259 2266 d
1279 2201 1382 2268 Ἰωάν-
1405 2236 1411 2254 v

300 2327 356 2388 νης
383 2305 439 2368 κατ’
471 2307 535 2368 κατ’
565 2305 679 2370 οὐδένα
713 2303 828 2390 τρόπον
855 2305 914 2388 τῆς
942 2301 1060 2388 μητρός
1083 2304 1312 2387 ἐπεστρέφετο,
1330 2299 1383 2366 τὸν
1391 2331 1432 2374 20

266 2398 713 2488 ΒΒρυέννιονέπιρρολννυσιν
734 2405 904 2468 ἐπιθέσθαι
923 2403 963 2490 τῇ
980 2405 1126 2489 βασιλείᾳ
1146 2398 1383 2485 συναρηγοέσης

301 2503 406 2586 αδτῆς.
448 2497 491 2578 sic
513 2505 541 2566 δ’
563 2502 630 2566 orid'
653 2498 734 2568 οὕτω
757 2500 797 2566 τὰ
817 2500 898 2566 κατὰ
920 2504 1033 2582 σκέψιν
1056 2496 1141 2584 έοέρα
1161 2503 1383 2584 προβαίνοντα,

299 2599 443 2684 πρόσεισι
462 2602 505 2689 τῷ
534 2601 628 2686 ἀνδρί
645 2600 700 2666 ἐπὶ
722 2599 827 2684 κλίνης
849 2601 1027 2688 ἐρριμμένην
1045 2605 1101 2666 καί
1120 2602 1286 2692 βραχεῖαρς
1306 2600 1383 2663 α’να-

301 2706 412 2775 πνοαῖς
442 2696 496 2766 τὸν
522 2702 623 2779 ζῶντα
653 2701 915 2784 δσοσημαῖνονιι,
949 2704 1004 2765 καί
1029 2702 1175 2782 βαλοῦσα
1205 2695 1322 2783 έαυτήν
1342 2699 1385 2786 sq'i

369 2868 396 2922 9·
413 2847 479 2904 τόδε
501 2851 705 2924 πεποιηκέναι]
732 2847 785 2916 τήν
806 2850 857 2914 τῆς
872 2845 972 2921 χειρδς
997 2847 1157 2922 ὑφελέσθαι
1174 2847 1336 2922 σφενδόνην
1352 2850 1384 2900 Α.

300 2976 393 3022 σταται
416 2977 501 3033 esset,
532 2987 597 3040 prae
617 2987 646 3023 ss
669 2970 762 3022 ferret.
780 2970 900 3022 instante
928 2977 1019 3022 autem
1039 2969 1118 3022 obitu
1137 2986 1198 3022 cum
1215 2968 1245 3019 in
1263 2966 1385 3037 splendi-

301 3039 421 3092 dissimis
437 3041 599 3108 Mangeuiue
624 3041 714 3110 regine
731 3041 981 3093 substructionibus
999 3040 1188 3102 decumberet,
1204 3037 1338 3090 iohannes
1357 3046 1387 3090 et

301 3113 362 3162 eius
379 3111 419 3162 rei
437 3118 465 3163 et
484 3113 600 3163 materni
620 3112 677 3163 odii
694 3129 805 3180 gnerus,
826 3129 898 3182 quoe
916 3111 1059 3180 imperium
1075 3113 1106 3162 iu
1124 3125 1243 3162 sororem
1262 3109 1386 3160 conferre
1458 3116 1462 3125 ¹

302 3183 458 3246 niteretur,
476 3185 615 3251 negotium
634 3199 695 3234 cum
712 3182 833 3250 cognatis
852 3182 895 3233 sui
911 3182 1040 3234 studiosis
1057 3181 1250 3243 communicet,
1269 3194 1387 3248 quorum

301 3254 429 3322 princeps
451 3262 511 3305 erat
529 3254 613 3305 frater
628 3253 762 3317 Isuacius3
780 3262 809 3306 et
825 3254 894 3304 olam
910 3260 995 3304 matre
1011 3261 1154 3322 paternum
1166 3249 1322 3301 cubiculum
1342 3250 1387 3302 in-

303 3339 428 3390 gressus,
446 3332 475 3376 et
494 3333 539 3376 tun
561 3342 623 3376 uem
645 3324 771 3376 morbum
795 3325 853 3375 eius
870 3323 1012 3393 deplorare
1028 3323 1131 3384 vellet,
1149 3328 1388 3390 prostraturum-

302 3391 361 3442 lum
380 3391 413 3442 de
429 3411 510 3446 mauu
529 3413 586 3447 esus
606 3397 724 3464 surripit
746 3402 810 3447 sunt
827 3403 918 3445 temen
936 3395 984 3463 qui
1001 3392 1033 3445 id
1050 3410 1112 3445 eum
1130 3391 1165 3443 de
1184 3391 1321 3443 sententis
1357 3407 1387 3440 a·

301 3463 353 3514 tris
372 3461 468 3514 secisse
488 3465 632 3532 affirmeut3
654 3465 737 3535 idque
757 3481 790 3516 ex
816 3464 850 3516 iis
871 3480 941 3533 quse
958 3481 1022 3515 mox
1040 3471 1190 3534 sequentur
1208 3463 1240 3514 fit
1256 3408 1387 3530 prob-isi-

303 3531 339 3583 le.
366 3549 426 3583 cum
449 3541 540 3586 nutem
565 3537 595 3588 in
626 3545 705 3589 coetu
726 3551 835 3588 susorum
854 3552 909 3586 reru
926 3543 1030 3602 gestum
1047 3534 1232 3604 exposuisset,
1250 3550 1334 3603 eques
1351 3531 1388 3584 sd

302 3603 447 3654 maximum
467 3605 567 3671 regium
584 3608 751 3676 properavit,
768 3607 848 3657 armis
866 3607 999 3674 stipatus,
1016 3615 1099 3690 utque
1117 3607 1223 3675 inipso
1239 3603 1386 3673 Maugsuio

303 3673 468 3724 monasterio
488 3682 517 3725 et
535 3673 610 3726 urbis
628 3678 784 3746 regionibus
803 3695 818 3728 a
836 3675 1014 3729 multitudine
1027 3694 1069 3729 sus
1087 3676 1218 3739 studiosa,
1239 3684 1268 3726 et
1286 3676 1322 3726 iis
1339 3671 1389 3742 qui

304 3743 376 3796 fama
394 3743 433 3796 rei
452 3745 534 3797 exciti
556 3746 584 3796 in
602 3747 669 3797 urbe
686 3748 879 3811 versabantur,
901 3747 1049 3817 imperator
1066 3747 1199 3799 salutatus
1217 3754 1266 3797 est.
1286 3743 1389 3814 quibus

304 3814 386 3866 rebus
404 3815 482 3866 Irene
507 3815 603 3866 territo
629 3817 716 3868 filium
736 3819 843 3870 monuit
869 3826 901 3870 ut
917 3819 1021 3887 eoeptis
1044 3817 1196 3869 desisteret.
1223 3814 1273 3868 sed
1287 3829 1349 3865 cum
1363 3814 1387 3864 is

303 3900 408 3936 summo
426 3885 517 3937 studio
535 3902 591 3937 rem
606 3897 715 3954 urgeret
727 3905 817 3958 neque
835 3889 925 3941 uerbis
943 3889 1037 3940 matris
1057 3886 1207 3957 quidquem
1225 3891 1388 3946 moveretur,

302 3954 469 4022 Bryenuium
499 3957 625 4009 bortatur
646 3965 678 4009 ut
699 3975 728 4010 se
745 3960 879 4011 adiutrice
902 3975 1015 4029 regnum
1031 3961 1148 4010 affectet
1164 3967 1197 4010 ut
1211 3971 1276 4008 vero
1295 3970 1331 4008 ne
1348 3953 1389 4006 sie

304 4025 416 4093 quidem
442 4044 484 4080 res
511 4027 690 4098 procedebat,
718 4027 754 4081 ud
770 4030 897 4081 meritum
916 4028 1023 4082 accedit
1041 4029 1071 4080 iu
1090 4028 1161 4081 lecto
1181 4025 1389 4081 decumbentem

304 4102 335 4146 et
360 4097 438 4148 tenui
466 4097 563 4168 spiritu
580 4099 663 4150 vitum
680 4099 771 4152 adbuc
786 4115 853 4169 prae
881 4114 911 4152 se
931 4099 1081 4162 terentem,
1098 4107 1128 4152 et
1144 4097 1250 4168 corpori
1267 4096 1327 4148 eius
1344 4095 1389 4147 iu·

304 4163 520 4244 cumbensplure
540 4169 719 4236 vociferetur,
744 4170 862 4225 lacrimis
880 4169 966 4225 iustu
991 4168 1075 4224 fontis
1095 4167 1317 4232 exuberantibus,
1333 4165 1389 4220 tili·
